2100 4020
54 406 164 495 gatur
174 386 349 493 superior
358 390 398 467 in
412 386 555 467 diuum
565 387 768 500 dilatatum
790 384 926 468 diuidi·

51 512 111 573 tur
141 492 385 583 Ynurnesortio
400 496 439 569 in
457 492 597 573 florem
618 484 923 570 intundibulifor·

50 618 161 673 mem
172 586 923 693 siritieficditiuminfundibuliformem

53 690 496 799 hypocrateriformem‚
536 714 577 775 et
617 688 924 778 infundibulifor·

52 821 157 877 mem
185 814 372 877 rotatum.
414 797 475 876 ΕΗ
489 796 563 879 flos
581 796 762 882 clafficus.
983 856 1001 892 .

12 896 80 977 ms
99 898 447 999 infundibuliformis
491 898 833 1001 hypocraterijnrmis
870 894 924 977 est

50 1004 166 1082 cuius
185 1000 295 1085 floris
315 997 431 1081 tubus
448 999 498 1103 hy
554 1021 743 1081 craterem
770 1004 921 1079 leuvas

50 1099 162 1213 quod
179 1106 336 1212 pocuiis
352 1104 452 1183 inter
468 1101 507 1185 b1
535 1102 679 1185 endum
697 1100 923 1211 lupponiso·

49 1210 131 1307 let,
167 1200 300 1285 refert.

10 1326 85 1405 Flos
101 1304 445 1440 infundibulffotmis
470 1336 609 1441 rotatus
628 1322 650 1399 ὲ
671 1306 920 1401 similitudine

55 1442 160 1507 rotae
180 1448 330 1505 nomen
346 1442 514 1504 muemt.
539 1478 541 1483 -

10 1546 78 1629 Flos
99 1543 316 1647 irregubtrir
337 1560 404 1619 aut
445 1541 694 1643 irregularem
729 1543 922 1621 corollam

45 1640 181 1729 habet,
198 1660 263 1721 aut
283 1638 563 1747 fipolypetalus
578 1643 643 1721 est.
659 1646 783 1747 petala
802 1638 932 1722 habet

43 1746 264 1852 inaequalis
293 1742 393 1832 situs,
405 1742 553 1847 figurae
575 1746 616 1822 &
635 1742 923 1846 magnitudinis.

10 1868 80 1951 Hos
97 1860 398 1943 labiatusestflos
412 1868 689 1967 monopetalus
704 1867 920 1960 anomalum

47 1963 203 2051 inferne
221 1982 405 2044 tenuatur
420 1967 459 2043 in
468 1963 650 2061 fistulam,
673 1975 829 2067 luperne
840 1990 921 2042 am-

43 2068 259 2181 pliaturrin
283 2064 429 2145 labium
451 2070 526 2145 vel·
544 2070 702 2145 unicum
719 2071 781 2147 vel
802 2069 922 2171 gemi-

45 2196 167 2257 num,·
210 2166 326 2248 huius
358 2169 466 2247 floris
491 2168 673 2270 pistillum
693 2164 773 2247 abit
786 2171 826 2247 in
847 2162 921 2248 fru-

48 2268 159 2355 &um
181 2296 232 2349 ex
266 2285 434 2373 quatuor
449 2270 654 2351 seminibus
668 2270 921 2364 constantem,

53 2370 193 2557 iffa)
207 2375 339 2477 calyce
360 2370 724 2477 maturescentibus.
771 2372 835 2450 Est
846 2374 921 2453 tlos

55 2500 78 2555 c
134 2498 235 2565 rcus.

10 2591 414 2701 Hosligulatusdicitur
436 2595 547 2673 cuius
562 2596 714 2674 corolla
728 2595 767 2671 in
778 2586 918 2671 tubum

49 2693 297 2807 protenditur
320 2697 550 2797 ligulatum:
585 2697 750 2773 maxime
775 2718 920 2773 occur-

46 2804 98 2883 rit
113 2804 154 2881 in
163 2798 340 2878 flosculis
360 2796 503 2883 florum
519 2794 840 2898 compositorum,
851 2792 918 2874 est·
1015 2893 1017 2897 ,

44 2926 120 3007 que
136 2900 204 2981 hic
222 2895 489 3000 androgynus,
512 2897 754 2991 masculinus,
780 2893 916 2980 foemi-

51 3007 198 3101 ninus,
236 3018 385 3079 neuter.

10 3115 251 3199 msnnaceus
271 3114 491 3192 velconstat
513 3138 561 3190 ex
581 3117 715 3219 petalis
729 3115 807 3203 sex,
827 3142 915 3199 raro

49 3212 195 3309 tribus,
227 3218 291 3293 vel
315 3219 353 3293 in
375 3215 435 3295 sex
463 3234 589 3319 partes
603 3218 750 3297 secatur
773 3215 821 3297 ad
844 3221 915 3299 lilii

46 3320 159 3425 saepe
183 3312 350 3396 formam
380 3315 581 3395 accedens·
633 3315 699 3421 lpsr
716 3324 915 3426 proprium

50 3420 132 3510 est,
172 3436 216 3497 vt
239 3416 514 3523 pistillumeius
532 3434 600 3496 aut
614 3423 721 3521 calyx
734 3420 846 3501 abeat
874 3426 915 3501 in

41 3516 217 3606 frustum
232 3519 609 3697 trilocularem.BEst
624 3522 697 3607 fios
717 3520 899 3703 clafficltts.

567 3645 585 3717 3
862 3626 914 3715 lor
