2220 4026
378 210 725 319 aslues
912 214 1008 310 ἠ

102 342 1003 383 Μ--ι--μ--ι--ι-*ό

134 396 306 498 embryo
325 415 393 494 per
411 392 662 469 maturitatem
682 395 720 470 in
744 396 908 474 frustum
925 424 1007 477 mu.

135 521 260 594 tatus,
295 493 393 572 adest
422 492 535 570 eriam
555 492 594 570 in
615 493 747 595 plantis
771 495 869 600 stylo
885 497 1006 600 pistfflj
1043 514 1047 529 1

139 596 337 679 destitutis.

102 705 273 782 immina
297 695 380 776 sunt
400 700 553 802 plantae
567 697 720 775 ratione
736 698 845 777 floris
872 699 1007 803 imper·

143 797 280 899 fessae,
299 818 396 902 quae
409 802 504 878 loco
526 797 645 876 caulis
665 802 837 876 culmum
852 799 1006 891 habent,

141 907 185 985 in
201 904 335 1001 calyce
360 895 499 978 bifolio
529 899 657 977 semen
682 901 843 978 unicum
878 921 919 980 ct
943 904 1008 982 sla·

139 1002 250 1087 mina‘
270 1008 461 1104 gerentes,
487 1004 619 1080 omnia
646 1001 1008 1102 monocotyledona

142 1102 305 1186 etsoliis
329 1105 598 1203 integerrimis.
620 1100 752 1182 Nobis
769 1102 920 1187 claffem
932 1130 1011 1185 me·

140 1211 225 1288 rito
259 1203 513 1283 constituunt.

102 1310 232 1390 utum
248 1300 446 1386 folliculus
468 1327 678 1408 granorum
696 1308 915 1387 cerealium.

102 1412 374 1514 Gymnosperma
380 1409 506 1509 planta
523 1433 546 1484 R
565 1433 589 1485 n
605 1431 618 1482 1
636 1433 661 1485 o
689 1407 754 1510 est,
767 1432 864 1514 quae
883 1410 1018 1489 semen
1098 1444 1101 1455 ·

144 1508 298 1591 nudum
318 1502 403 1587 fert

102 1613 216 1691 Herba
238 1610 293 1690 est
311 1614 461 1716 plantae
477 1632 610 1712 genus,
632 1610 741 1688 cuius
754 1612 875 1689 caulis
892 1605 946 1689 lin
973 1637 1014 1689 u-

111 1750 116 1763 *
140 1717 190 1799 h's
214 1713 324 1791 annis
349 1714 456 1817 perit.
506 1713 660 1815 Species
676 1712 761 1792 sunt
783 1634 1016 1814 annuaflri·

145 1841 226 1905 ma,
247 1815 423 1900 trimaue,
439 1811 584 1917 semper
603 1813 744 1888 virens.

102 1916 316 2010 Herbarium
342 1911 525 1990 shortum
544 1912 676 2009 fimum
717 1914 910 2014 appellant
935 1917 1016 1992 col·

152 2009 363 2096 lesiionem
380 2015 596 2113 plantarum
615 2005 899 2114 exficcatarum‚
917 2033 1017 2116 quae

157 2120 260 2196 intra
288 2114 439 2195 chartas
483 2108 737 2189 adseruantur.

102 2219 344 2299 internodium
357 2216 421 2313 ell,
432 2208 541 2320 quod
564 2213 665 2317 inter
695 2226 796 2292 artus
824 2214 889 2292 vel
913 2215 1016 2315 geni·

102 2366 111 2375 -
154 2322 244 2400 cula
262 2314 437 2397 medium
454 2309 671 2393 intercedit.

104 2421 340 2513 involucrum,
370 2418 509 2527 species
527 2416 667 2517 calycis
688 2404 843 2491 foliacti
878 2413 920 2492 in
936 2439 1016 2497 vrn-

157 2515 347 2613 belliferis,
370 2513 556 2597 umbellas
583 2513 810 2607 Vniuersales
843 2518 906 2594 vel
937 2542 1018 2622 par·

103 2667 112 2681 ·
154 2626 274 2704 tiales.
287 2619 545 2705 circumdans,
586 2614 688 2696 unde
711 2614 764 2695 est
783 2618 845 2697 vel
867 2619 1018 2697 uniuer-

156 2725 319 2805 salevel
352 2722 521 2827 partiale.
1061 2744 1065 2753 ·

104 2825 191 2906 Iuba
216 2824 269 2905 eli
288 2823 400 2909 effusa
420 2822 517 2902 milii
539 2835 580 2899 et
597 2813 775 2900 similium
801 2821 1018 2924 plantarum

158 2952 286 3009 coma.
598 2950 602 2957 ·
875 2948 881 2957 ¹

105 3030 203 3108 Iulus
222 3026 282 3107 'est
299 3024 500 3128 congeries
517 3024 660 3109 ¹florum
681 3028 921 3128 apetalorum
954 3021 1022 3104 lle-¹

106 3158 110 3165 ·
156 3133 301 3217 tilium,
321 3132 397 3208 lori
422 3130 531 3209 inllar
547 3130 572 3204 s
583 3126 869 3229 veruciseffigie
888 3121 936 3204 ab
957 3152 1021 3203 ar-

157 3228 332 3331 boribus,
362 3226 593 3335 dependens,
605 3226 710 3307 idem
724 3250 814 3307 cum
845 3247 1040 3332 armentu„

160 3349 415 3415 nucamento.

108 3437 268 3518 talium.
282 3459 312 3510 a.
330 3430 866 3515 dicunturrovuun'uburro
894 3435 1021 3537 petala

158 3539 303 3627 florum
324 3506 586 3640 labiatorffm'3·
602 3535 667 3617 vel
689 3536 908 3640 petalorum
937 3536 1024 3612 laci-

294 3706 297 3710 ·
664 3676 667 3681 “
809 3714 812 3719 ,
942 3658 1051 3716 m'sss
