2220 4026
135 362 309 467 optimas
325 363 533 468 specierum
554 360 786 443 differentias
805 344 1002 467 exhibent,
1105 436 1108 447 .

133 466 240 543 inter
251 466 492 543 recentiores
512 484 639 543 tamen
655 470 750 561 lunt,
767 470 833 568 qni
844 467 912 547 has
933 492 1003 559 no·

136 583 199 644 tas
219 591 271 643 ex
290 565 459 672 partibus
485 559 792 647 l'tuclificationis
817 586 873 667 (6)
895 567 1003 659 'deln-

133 688 262 746 munt.
567 704 570 710 ·
932 736 937 741 .

102 794 148 869 pp.
163 770 329 847 Prolixis
337 786 377 849 et
385 766 727 889 septempedalibus
736 773 1001 852 recentiorum

138 870 1003 976 nominibuslpecificrs,licetdil'centiummee

135 976 291 1051 moriae
330 969 522 1054 fatiscenti
549 1001 629 1055 non
655 974 894 1077 consulatur,
922 975 1003 1056 hoc
1076 1011 1079 1014 ·

132 1075 296 1165 interim
320 1076 525 1157 commodi
545 1079 710 1179 emergit
722 1077 836 1182 ,quod
849 1080 1002 1184 plantae
1082 1112 1085 1117 ·

117 1175 320 1283 ‘graphice
335 1176 601 1259 describantur·
649 1256 653 1263 .

102 1294 150 1381 28.
171 1305 549 1361 novennaoanivs
565 1306 680 1385 quem
701 1277 940 1387 potiffimum
951 1283 1004 1363 se·

140 1383 429 1477 cnturisumus,
452 1380 585 1463 clalles¹
600 1383 685 1483 (16)
706 1409 734 1461 a
756 1386 907 1461 corolla
921 1394 1007 1477 (ola

145 1481 315 1561 claffium
341 1481 496 1563 ordines
523 1486 644 1579 mpla
676 1480 745 1566 situ
771 1486 1007 1589 receptaculi

137 1584 263 1685 floris,
277 1584 383 1690 supra
399 1605 466 1664 aut
478 1581 574 1664 infra
589 1611 761 1688 germen,
781 1586 882 1666 tituli
892 1584 1007 1694 pistil-

134 1689 167 1765 li
185 1704 254 1764 aut
269 1690 407 1788 calycis
426 1682 644 1766 infrullum
662 1690 864 1770 abeuntist
891 1714 1006 1792 gene·

140 1812 185 1865 ra
207 1802 292 1886 t14)
308 1815 355 1866 ex
372 1791 471 1868 flore
484 1784 609 1869 frutstu
625 1788 889 1883 etseminihos
910 1800 1005 1869 co‘n·,

114 1898 117 1903 '
140 1887 273 1969 stituit.
322 1893 538 1971 Varietates
557 1889 788 1993 aspeciebus
815 1914 897 1968 non
920 1890 1005 1972 satis

144 1990 346 2094 separauit,
383 2011 423 2071 et
439 2014 627 2094 generum
651 1994 809 2096 puritati
831 2015 911 2070 non
928 1989 1008 2095 vbi;

144 2112 223 2273 pue
230 2097 444 2199 prospexit,
470 2094 564 2192 quin
581 2089 900 2200 aliqnandoillaa
917 2117 1011 2172 con·

172 2196 297 2274 itione
322 2197 488 2299 partium
504 2191 813 2301 stcundariarum
827 2201 888 2294 (4)
913 2220 1006 2277 con·

139 2296 320 2376 stituerit.
419 2372 426 2391 s

102 2406 156 2494 49.
178 2395 359 2475 Tandem
388 2392 666 2503 botanophilus
692 2393 824 2477 scdulo
848 2400 1011 2478 euoluat

148 2516 189 2584 et
223 2498 395 2579 ruminet
414 2505 765 2586 nomenclatorem,
785 2518 829 2578 vt
855 2495 920 2579 fibi
936 2503 1007 2578 lin·

115 2625 266 2704 ‘guam
296 2596 571 2685 botanicorum
599 2597 827 2680 familiarem
857 2598 1011 2688 reddat,

148 2726 369 2808 omnesque
388 2698 1008 2806 definitiones,ipsasinspiciendo
1053 2768 1056 2777 .
1081 2753 1085 2764 ·

148 2807 302 2909 plantas
317 2806 520 2897 examinet,
531 2802 779 2899 doncchisce
798 2805 1013 2911 praeceptis

152 2905 189 2987 le
207 2904 293 2984 satis
315 2905 507 2985 imbutum
524 2906 779 3010 cognouerit.

103 3026 162 3102 50.
185 3009 287 3104 Non
299 3010 428 3088 minus
439 3004 580 3089 codem
595 3006 831 3087 fineschema
845 3005 1016 3087 classium

152 3108 370 3212 harumque
385 3107 542 3189 ordines
552 3114 675 3214 legat,
693 3114 863 3211 relegat,
887 3127 1016 3186 etme-

149 3212 302 3291 moriae
319 3209 478 3292 mandet
498 3217 708 3315 omnisque¹
728 3214 881 3315 generis
901 3211 1019 3292 flores

152 3312 432 3494 {archetypo
460 3333 621 3394 naturae
643 3312 707 3395 libi
727 3308 860 3391 reddat
873 3313 1020 3417 perspe-

200 3439 258 3495 os.

114 3541 168 3617 51.
202 3512 407 3617 Postquam
434 3512 535 3599 hanc
565 3510 631 3703 sipi
655 3514 845 3623 notitiam
870 3510 1026 3632 acquisi-

526 3630 530 3637 ’
638 3644 657 3725 ς
978 3634 1048 3696 ort
