2220 4026
99 373 188 467 bna,
216 366 331 463 foliis,
353 368 518 449 ramulis,
533 367 708 469 floribus,
736 396 804 471 per
823 376 976 456 tubulo-

97 474 179 550 fam
213 468 483 570 vegetabilium
515 468 719 570 fabricam,
749 475 974 575 impertitur.

97 568 265 675 Triplex
276 571 338 669 est,
356 572 527 659 bulbosan
550 574 736 673 tuberosa,
755 572 905 656 fibrosa.

49 714 172 793 Radix
197 704 406 805 bulbtfizest
427 730 528 810 quae
550 730 597 785 ex
629 705 786 803 lamellis
817 710 884 790 fibi
907 711 977 789 im·

100 808 230 916 pofitis
256 808 507 909 vtplurimum
531 809 701 901 constat,
745 811 873 916 estque
895 816 978 895 soli·

101 916 162 1001 da,
177 909 352 1005 tunicata,
375 910 584 1013 squamosa,
606 937 821 1015 aggregata.

48 1058 173 1139 Radix
180 1050 331 1149 fibrofiz,
355 1076 453 1154 qnae
471 1073 519 1127 ex
536 1052 650 1127 metis
674 1052 875 1131 filamentis
888 1080 978 1135 con·

99 1159 194 1257 stat,
225 1151 353 1255 estque
383 1153 720 1254 perpendiculari8‚
748 1155 980 1257 horyzont'a·

98 1261 170 1349 lis,
200 1254 373 1348 carnosa,
404 1252 617 1357 capillacea,
639 1256 976 1347 verticillata‚s1m·

100 1364 201 1465 piex,
227 1356 374 1435 ramosa
406 1380 476 1435 etc.

54 1513 174 1589 Raa’ix
193 1506 358 1605 tuberosa,
389 1526 488 1607 quae
509 1520 556 1580 ex
577 1501 750 1602 plurimis
777 1505 901 1584 frustis
924 1532 977 1583 nr-

100 1610 288 1691 ticulatim
322 1604 531 1693 coniunctis
567 1606 719 1683 constat.
785 1607 848 1684 Est
887 1632 977 1711 pen.

94 1711 197 1809 daia,
230 1705 458 1801 veiseffilis.
521 1730 524 1736 ¹

52 1856 226 1934 Radicula
249 1850 409 1929 habetur
430 1873 502 1950 pro
527 1845 632 1923 tenni
652 1845 714 1924 illa
740 1849 875 1937 radice,
899 1874 976 1955 qua

100 1960 269 2035 donatur
296 1950 496 2031 corculum
526 1949 548 2022 s.
572 1972 731 2051 germen
750 1948 913 2053 seminis,
934 1954 974 2031 in

111 2056 247 2137 tubum
270 2054 307 2132 se
346 2051 548 2156 explicans.

53 2170 315 2375 Recffialamlun
337 2186 442 2288 flor'is
488 2191 592 2268 idem
638 2215 680 2267 ac
716 2172 885 2291 placenta
913 2192 975 2273 vel
1019 2256 1026 2263 .

101 2323 116 2377 t
181 2320 303 2375 amus.

57 2434 175 2511 Ritlus
196 2428 350 2515 dicitur,
378 2425 404 2503 sl
424 2427 461 2504 in
483 2425 642 2539 floribns
665 2429 857 2509 bilabiatis'
877 2431 976 2509 labia

106 2556 241 2636 parum
291 2554 492 2607 conntuent
516 2552 559 2608 vt
593 2531 637 2633 iis
680 2534 840 2612 diductis
882 2534 976 2613 faux

113 2634 269 2713 tandem
296 2630 555 2734 conspiciatur.

56 2807 176 2883 Samen
201 2804 256 2881 est
291 2828 375 2900 pars
404 2799 572 2903 plantae,
607 2826 703 2903 quae
725 2825 843 2881 terrae
874 2831 977 2884 com·

102 2904 209 2985 missa
243 2903 401 2983 fimilem
424 2903 596 3002 plantam
631 2930 861 3002 procreat,a
901 2934 977 3012 qua
1080 2962 1084 2969 -

11 3026 21 3103 t
102 3008 210 3111 prius
241 3008 415 3110 genitum
442 3005 513 3098 est;
550 3005 652 3081 vnde
682 3008 823 3084 semina
848 3009 886 3084 id
923 3035 977 3085 re-

11 3144 14 3149 ·
104 3109 362 3213 praesentant²
389 3106 497 3211 quod
535 3107 651 3186 ounla
686 3109 726 3186 in
755 3109 977 3188 animalium

107 3237 247 3315 regno·

60 3342 190 3419 Snnen‘
206 3339 364 3441 callosum
398 3335 508 3441 quod
536 3337 655 3416 crusta
685 3336 803 3420 veluti
832 3312 977 3416 cartila-

14 3498 29 3565 ,1.
103 3442 217 3547 ginea
250 3437 425 3521 donatur.
620 3492 627 3531 1

15 3578 25 3729 i
154 3668 158 3673 -
528 3613 562 3688 C
831 3562 835 3567 -
874 3610 999 3687 Setncn
1052 3606 1056 3611 ’
