2220 4026
19 414 148 494 Valuae
170 407 392 509 usurpantur
414 408 484 512 pro
515 408 670 487 lamellis
704 409 774 488 illis
805 412 928 514 plania

59 537 124 590 aut
141 510 361 609 imbricatis,
376 537 472 614 quae
494 509 598 611 septo
615 512 840 590 intermedio
854 514 928 593 fili·

13 672 20 684 .
57 636 228 794 guarum
259 610 433 714 vtrinque
468 614 681 711 adhaerent,
713 636 749 690 et
770 614 925 695 maturis

86 714 201 816 liquis
228 713 418 797 dehiscere
436 712 576 808 solent,
598 739 780 821 tanquam
795 717 924 798 forent
1001 768 1004 775 ·
1070 728 1073 735 '

60 813 215 895 bifidae.

11 984 134 1085 Verfirs
144 984 281 1081 florum
297 984 348 1063 est
378 1007 512 1061 eorum
537 956 678 1066 certam
700 985 827 1087 versus
847 990 921 1093 pla·

51 1111 145 1191 gam
169 1088 357 1193 quaedam
390 1084 594 1186 dispofino.

10 1250 229 1336 VerticiHum
256 1256 450 1336 circinatus
471 1254 610 1335 florum
644 1255 704 1339 vel
735 1256 919 1335 foliorum
1040 1314 1042 1325 s

55 1359 241 1448 ambitus,
276 1358 344 1466 qui
366 1358 572 1462 cauliculos
605 1358 810 1439 herbarum
855 1384 916 1437 co-

54 1481 173 1539 tonat.
678 1484 682 1499 ’

10 1596 184 1809 minum
198 1628 258 1727 ¹est
276 1627 379 1713 floris
400 1628 646 1737 papilionacei
662 1629 830 1734 superius
851 1651 915 1731 pe·

48 1752 84 1809 ta
101 1755 184 1810 unt.
369 1777 372 1783 ·

10 1899 130 1977 Vrmen
148 1888 190 1977 t·
202 1901 376 1975 vincimen
402 1900 453 1978 est
481 1880 593 1979 omne
619 1899 823 2002 virgultum
838 1896 915 1974 len·

48 1998 184 2077 tumet
196 1996 319 2076 flexile
336 1999 382 2077 ad
400 1999 595 2104 ligandum
611 2025 741 2101 aprum
762 2022 914 2085 natum3

50 2100 151 2181 vnde
171 2100 329 2209 vintinet
347 2103 468 2207 caules
491 2127 528 2181 et
546 2102 650 2201 rami.
758 2172 764 2181 ,

10 2268 179 2346 Viticulae
193 2269 283 2351 sunt
304 2267 476 2351 cauliculi
493 2267 602 2349 humi
619 2268 778 2348 iacentes
798 2288 836 2343 et
858 2288 912 2344 re·

46 2396 197 2473 pentes„
243 2408 246 2421 ι

13 2536 156 2616 Umleta
184 2537 299 2635 adest‚'
319 2538 387 2617 vui
417 2536 547 2641 singuli
567 2534 731 2639 pediculi
764 2531 911 2613 florales
1018 2612 1021 2617 ,

55 2638 277 2741 longiores,
313 2667 347 2719 in
370 2639 529 2740 capitula
560 2639 748 2740 quaedam
780 2658 826 2711 ex
849 2659 923 2713 eo·-

48 2741 138 2820 dem
163 2765 292 2818 centro
315 2742 537 2842 prodeuntia
551 2739 790 2850 colliguntur,
808 2732 910 2815 circi-

48 2867 137 2921 nato
165 2840 350 2944 di>pos1ra
398 2886 417 2941 .·

10 3010 196 3089 Umbilicus
228 3009 381 3088 denotat
411 3007 522 3085 lloris
561 3028 729 3085 centrum
765 3026 911 3106 eltu'o
950 3088 965 3097 κ
1036 3051 1051 3078 -,

49 3112 229 3215 pistillum
248 3109 416 3214 emergit.
462 3113 502 3186 ln
524 3106 706 3207 liuiliuus
733 3108 835 3183 aunit
854 3110 912 3181 v'e·
1036 3158 1038 3162 .

47 3213 206 3318 litgium
226 3208 328 3291 floris
345 3211 404 3295 vel
420 3208 556 3311 calycis
573 3205 760 3285 emarcirli.
796 3210 835 3280 ln
864 3204 912 3280 se·

16 3390 19 3394 .
48 3314 217 3393 minibus
236 3311 400 3414 designat
423 3311 603 3409 parneium
623 3309 645 3384 s
671 3305 912 3383 tuberculum

54 3414 78 3498 s.
100 3413 298 3492 foueolam
319 3439 339 3491 a
362 3411 506 3516 reliqua
533 3405 725 3515 superficie
753 3405 826 3487 sese
856 3404 911 3484 di-

48 3517 325 3621 stmguentema

409 3634 540 3747 ‘C5
717 3742 721 3757 ι
857 3620 1014 3714 Uir-⁸
