<?xml version="1.0" encoding="UTF-8"?>
<!DOCTYPE html PUBLIC "-//W3C//DTD XHTML 1.0 Transitional//EN"
    "http://www.w3.org/TR/xhtml1/DTD/xhtml1-transitional.dtd">
<html xmlns="http://www.w3.org/1999/xhtml" xml:lang="en" lang="en">
 <head>
  <title>
</title>
<meta http-equiv="Content-Type" content="text/html;charset=utf-8" />
  <meta name='ocr-system' content='tesseract 3.04.00' />
  <meta name='ocr-capabilities' content='ocr_page ocr_carea ocr_par ocr_line ocrx_word'/>
</head>
<body>
  <div class='ocr_page' id='page_1' title='image "./caroliaugustide00berggoog_0044.png"; bbox 0 0 2220 4026; ppageno 0'>
   <div class='ocr_carea' id='block_1_1' title="bbox 303 179 965 289">
    <p class='ocr_par' dir='ltr' id='par_1_1' title="bbox 303 179 965 289">
     <span class='ocr_line' id='line_1_1' title="bbox 303 179 965 289; baseline -0.012 0"><span class='ocrx_word' id='word_1_1' title='bbox 303 179 660 289; x_wconf 60' lang='lat' dir='ltr'>attolat</span> <span class='ocrx_word' id='word_1_2' title='bbox 922 212 965 281; x_wconf 77' lang='lat'>31</span> 
     </span>
    </p>
   </div>
   <div class='ocr_carea' id='block_1_2' title="bbox 48 312 969 345">
    <p class='ocr_par' dir='ltr' id='par_1_2' title="bbox 48 312 969 345">
     <span class='ocr_line' id='line_1_2' title="bbox 48 312 969 345; baseline 0.003 -7"><span class='ocrx_word' id='word_1_3' title='bbox 48 318 654 342; x_wconf 45' lang='lat' dir='ltr'>—n-——n——u-ffl*</span> <span class='ocrx_word' id='word_1_4' title='bbox 659 312 969 345; x_wconf 63' lang='lat' dir='ltr'>annana-...-</span> 
     </span>
    </p>
   </div>
   <div class='ocr_carea' id='block_1_3' title="bbox 10 367 1106 3718">
    <p class='ocr_par' dir='ltr' id='par_1_3' title="bbox 10 367 1106 3718">
     <span class='ocr_line' id='line_1_3' title="bbox 92 367 970 475; baseline 0.003 -25"><span class='ocrx_word' id='word_1_5' title='bbox 92 372 211 451; x_wconf 88' lang='lat' dir='ltr'>debet</span> <span class='ocrx_word' id='word_1_6' title='bbox 243 369 410 447; x_wconf 83' lang='lat' dir='ltr'>constare</span> <span class='ocrx_word' id='word_1_7' title='bbox 443 394 490 450; x_wconf 88' lang='lat' dir='ltr'>ex</span> <span class='ocrx_word' id='word_1_8' title='bbox 519 367 697 449; x_wconf 75' lang='lat' dir='ltr'>banstae</span> <span class='ocrx_word' id='word_1_9' title='bbox 724 378 894 475; x_wconf 83' lang='lat' dir='ltr'><em>germine,</em></span> <span class='ocrx_word' id='word_1_10' title='bbox 919 402 970 460; x_wconf 86' lang='lat' dir='ltr'>ex</span> 
     </span>
     <span class='ocr_line' id='line_1_4' title="bbox 80 468 969 653; baseline 0.011 -104"><span class='ocrx_word' id='word_1_11' title='bbox 80 476 175 577; x_wconf 80' lang='lat' dir='ltr'>stylo</span> <span class='ocrx_word' id='word_1_12' title='bbox 201 469 277 548; x_wconf 85' lang='lat' dir='ltr'>fine</span> <span class='ocrx_word' id='word_1_13' title='bbox 294 494 395 653; x_wconf 57' lang='lat' dir='ltr'>pgjroe</span> <span class='ocrx_word' id='word_1_14' title='bbox 413 469 552 562; x_wconf 87' lang='lat' dir='ltr'>media,</span> <span class='ocrx_word' id='word_1_15' title='bbox 564 490 613 550; x_wconf 87' lang='lat' dir='ltr'>ex</span> <span class='ocrx_word' id='word_1_16' title='bbox 637 468 849 554; x_wconf 83' lang='lat' dir='ltr'>summitate</span> <span class='ocrx_word' id='word_1_17' title='bbox 869 502 969 582; x_wconf 88' lang='lat' dir='ltr'>quae</span> 
     </span>
     <span class='ocr_line' id='line_1_5' title="bbox 125 594 897 652; baseline 0.004 -2"><span class='ocrx_word' id='word_1_18' title='bbox 125 598 140 650; x_wconf 87' lang='lat' dir='ltr'>e</span> <span class='ocrx_word' id='word_1_19' title='bbox 205 600 228 649; x_wconf 90' lang='lat' dir='ltr'>a</span> <span class='ocrx_word' id='word_1_20' title='bbox 262 597 308 651; x_wconf 91' lang='lat' dir='ltr'>au</span> <span class='ocrx_word' id='word_1_21' title='bbox 351 594 376 652; x_wconf 90' lang='lat' dir='ltr'>t.</span> <span class='ocrx_word' id='word_1_22' title='bbox 894 596 897 601; x_wconf 84' lang='grc'><strong>’</strong></span> 
     </span>
     <span class='ocr_line' id='line_1_6' title="bbox 50 579 968 783; baseline 0.005 -27"><span class='ocrx_word' id='word_1_23' title='bbox 50 579 223 762; x_wconf 55' lang='lat' dir='ltr'>micitia</span> <span class='ocrx_word' id='word_1_24' title='bbox 253 674 308 752; x_wconf 87' lang='lat' dir='ltr'>est</span> <span class='ocrx_word' id='word_1_25' title='bbox 344 698 428 777; x_wconf 87' lang='lat' dir='ltr'>pars</span> <span class='ocrx_word' id='word_1_26' title='bbox 464 672 761 755; x_wconf 66' lang='lat' dir='ltr'>fructificationis</span> <span class='ocrx_word' id='word_1_27' title='bbox 813 679 968 783; x_wconf 81' lang='lat' dir='ltr'>caplitlis</span> 
     </span>
     <span class='ocr_line' id='line_1_7' title="bbox 97 774 969 880; baseline 0.008 -24"><span class='ocrx_word' id='word_1_28' title='bbox 97 776 298 856; x_wconf 60' lang='lat' dir='ltr'>fruetuum</span> <span class='ocrx_word' id='word_1_29' title='bbox 329 774 447 873; x_wconf 81' lang='lat' dir='ltr'>affixa,</span> <span class='ocrx_word' id='word_1_30' title='bbox 476 775 537 854; x_wconf 89' lang='lat' dir='ltr'>eui</span> <span class='ocrx_word' id='word_1_31' title='bbox 571 774 697 856; x_wconf 89' lang='lat' dir='ltr'>semen</span> <span class='ocrx_word' id='word_1_32' title='bbox 717 777 902 880; x_wconf 80' lang='lat' dir='ltr'>adhaeret,</span> <span class='ocrx_word' id='word_1_33' title='bbox 930 806 969 863; x_wconf 90' lang='lat' dir='ltr'>et</span> 
     </span>
     <span class='ocr_line' id='line_1_8' title="bbox 99 875 1100 981; baseline 0.006 -24"><span class='ocrx_word' id='word_1_34' title='bbox 99 902 148 957; x_wconf 89' lang='lat' dir='ltr'>ex</span> <span class='ocrx_word' id='word_1_35' title='bbox 183 886 261 981; x_wconf 84' lang='lat' dir='ltr'>q&#39;ua</span> <span class='ocrx_word' id='word_1_36' title='bbox 299 877 521 957; x_wconf 78' lang='lat' dir='ltr'>alimentum</span> <span class='ocrx_word' id='word_1_37' title='bbox 554 875 691 973; x_wconf 80' lang='lat' dir='ltr'>trahit3</span> <span class='ocrx_word' id='word_1_38' title='bbox 715 878 795 957; x_wconf 92' lang='lat' dir='ltr'>aliis</span> <span class='ocrx_word' id='word_1_39' title='bbox 830 882 969 963; x_wconf 87' lang='lat' dir='ltr'>dicitur</span> <span class='ocrx_word' id='word_1_40' title='bbox 1097 892 1100 898; x_wconf 86' lang='lat'>&#39;</span> 
     </span>
     <span class='ocr_line' id='line_1_9' title="bbox 60 979 291 1059; baseline -0.017 -1"><span class='ocrx_word' id='word_1_41' title='bbox 60 979 291 1059; x_wconf 58' lang='lat' dir='ltr'>*thalamun</span> 
     </span>
     <span class='ocr_line' id='line_1_10' title="bbox 50 1076 969 1187; baseline 0.001 -22"><span class='ocrx_word' id='word_1_42' title='bbox 50 1087 190 1167; x_wconf 89' lang='lat' dir='ltr'>Planta</span> <span class='ocrx_word' id='word_1_43' title='bbox 224 1082 276 1160; x_wconf 87' lang='lat' dir='ltr'>est</span> <span class='ocrx_word' id='word_1_44' title='bbox 303 1102 441 1181; x_wconf 86' lang='lat' dir='ltr'>corpus</span> <span class='ocrx_word' id='word_1_45' title='bbox 458 1078 681 1183; x_wconf 82' lang='lat' dir='ltr'>hydraulica</span> <span class='ocrx_word' id='word_1_46' title='bbox 699 1124 713 1139; x_wconf 92' lang='lat'><strong>·</strong></span> <span class='ocrx_word' id='word_1_47' title='bbox 734 1076 969 1187; x_wconf 79' lang='lat' dir='ltr'>organicum,</span> 
     </span>
     <span class='ocr_line' id='line_1_11' title="bbox 98 1181 969 1299; baseline 0.008 -37"><span class='ocrx_word' id='word_1_48' title='bbox 98 1183 213 1299; x_wconf 91' lang='lat' dir='ltr'>quod</span> <span class='ocrx_word' id='word_1_49' title='bbox 234 1181 423 1260; x_wconf 84' lang='lat' dir='ltr'>radicibus</span> <span class='ocrx_word' id='word_1_50' title='bbox 445 1205 481 1261; x_wconf 92' lang='lat' dir='ltr'>et</span> <span class='ocrx_word' id='word_1_51' title='bbox 505 1181 709 1261; x_wconf 89' lang='lat' dir='ltr'>seminibus</span> <span class='ocrx_word' id='word_1_52' title='bbox 732 1183 890 1287; x_wconf 82' lang='lat' dir='ltr'>semper,</span> <span class='ocrx_word' id='word_1_53' title='bbox 904 1188 969 1269; x_wconf 82' lang='lat' dir='ltr'>fo·</span> 
     </span>
     <span class='ocr_line' id='line_1_12' title="bbox 61 1282 975 1398; baseline 0 -35"><span class='ocrx_word' id='word_1_54' title='bbox 61 1321 68 1330; x_wconf 95' lang='lat'><strong>·</strong></span> <span class='ocrx_word' id='word_1_55' title='bbox 100 1284 176 1387; x_wconf 83' lang='lat' dir='ltr'>liis,</span> <span class='ocrx_word' id='word_1_56' title='bbox 195 1284 356 1363; x_wconf 82' lang='lat' dir='ltr'>fl&#39;olibus</span> <span class='ocrx_word' id='word_1_57' title='bbox 381 1282 594 1363; x_wconf 85' lang='lat' dir='ltr'>etcattlibus</span> <span class='ocrx_word' id='word_1_58' title='bbox 615 1283 837 1398; x_wconf 86' lang='lat' dir='ltr'>plerumque</span> <span class='ocrx_word' id='word_1_59' title='bbox 854 1288 975 1370; x_wconf 81' lang='lat' dir='ltr'>dona·&#39;</span> 
     </span>
     <span class='ocr_line' id='line_1_13' title="bbox 103 1386 971 1493; baseline 0.007 -28"><span class='ocrx_word' id='word_1_60' title='bbox 103 1411 179 1477; x_wconf 81' lang='lat' dir='ltr'>tut,</span> <span class='ocrx_word' id='word_1_61' title='bbox 198 1387 274 1465; x_wconf 89' lang='lat' dir='ltr'>hoc</span> <span class='ocrx_word' id='word_1_62' title='bbox 297 1408 439 1463; x_wconf 88' lang='lat' dir='ltr'>nomen</span> <span class='ocrx_word' id='word_1_63' title='bbox 464 1406 645 1486; x_wconf 84' lang='lat' dir='ltr'>competit</span> <span class='ocrx_word' id='word_1_64' title='bbox 674 1386 811 1482; x_wconf 86' lang='lat' dir='ltr'>arbori,</span> <span class='ocrx_word' id='word_1_65' title='bbox 828 1386 971 1493; x_wconf 76' lang='lat' dir='ltr'><strong>frutici,</strong></span> 
     </span>
     <span class='ocr_line' id='line_1_14' title="bbox 66 1486 973 1575; baseline 0.004 -7"><span class='ocrx_word' id='word_1_66' title='bbox 66 1522 70 1527; x_wconf 94' lang='lat'>·</span> <span class='ocrx_word' id='word_1_67' title='bbox 102 1487 298 1575; x_wconf 72' lang='lat' dir='ltr'>suffronei,</span> <span class='ocrx_word' id='word_1_68' title='bbox 310 1486 458 1565; x_wconf 86' lang='lat' dir='ltr'>herbae.</span> <span class='ocrx_word' id='word_1_69' title='bbox 508 1487 584 1564; x_wconf 90' lang='lat' dir='ltr'>Soli</span> <span class='ocrx_word' id='word_1_70' title='bbox 605 1486 734 1565; x_wconf 84' lang='lat' dir='ltr'>natalis</span> <span class='ocrx_word' id='word_1_71' title='bbox 753 1490 891 1569; x_wconf 90' lang='lat' dir='ltr'>intuitu</span> <span class='ocrx_word' id='word_1_72' title='bbox 911 1491 973 1572; x_wconf 89' lang='lat' dir='ltr'>di·</span> 
     </span>
     <span class='ocr_line' id='line_1_15' title="bbox 101 1586 971 1696; baseline 0.003 -26"><span class='ocrx_word' id='word_1_73' title='bbox 101 1612 256 1679; x_wconf 86' lang='lat' dir='ltr'>cuntur,</span> <span class='ocrx_word' id='word_1_74' title='bbox 273 1586 470 1685; x_wconf 87' lang='lat' dir='ltr'>terrestres,</span> <span class='ocrx_word' id='word_1_75' title='bbox 486 1588 707 1685; x_wconf 84' lang='lat' dir='ltr'>maritimae,</span> <span class='ocrx_word' id='word_1_76' title='bbox 720 1592 898 1690; x_wconf 85' lang='lat' dir='ltr'>marinae,</span> <span class='ocrx_word' id='word_1_77' title='bbox 908 1618 971 1696; x_wconf 84' lang='lat' dir='ltr'>pa·</span> 
     </span>
     <span class='ocr_line' id='line_1_16' title="bbox 103 1688 687 1792; baseline -0.01 -22"><span class='ocrx_word' id='word_1_78' title='bbox 103 1688 687 1792; x_wconf 72' lang='lat' dir='ltr'>lustret,montanae,syluestres.</span> 
     </span>
     <span class='ocr_line' id='line_1_17' title="bbox 55 1790 973 1900; baseline 0.009 -30"><span class='ocrx_word' id='word_1_79' title='bbox 55 1794 211 1883; x_wconf 81' lang='lat' dir='ltr'>Plantae</span> <span class='ocrx_word' id='word_1_80' title='bbox 233 1795 461 1895; x_wconf 74' lang='lat' dir='ltr'>androgynae,</span> <span class='ocrx_word' id='word_1_81' title='bbox 483 1816 579 1895; x_wconf 86' lang='lat' dir='ltr'>quae</span> <span class='ocrx_word' id='word_1_82' title='bbox 594 1791 708 1872; x_wconf 86' lang='lat' dir='ltr'>flores</span> <span class='ocrx_word' id='word_1_83' title='bbox 725 1790 973 1900; x_wconf 69' lang='lat' dir='ltr'>androgynus</span> 
     </span>
     <span class='ocr_line' id='line_1_18' title="bbox 109 1893 965 1998; baseline -0.002 -24"><span class='ocrx_word' id='word_1_84' title='bbox 109 1893 491 1998; x_wconf 70' lang='lat' dir='ltr'>[hermaphroditos</span> <span class='ocrx_word' id='word_1_85' title='bbox 525 1918 675 1996; x_wconf 86' lang='lat' dir='ltr'>gerunt.</span> <span class='ocrx_word' id='word_1_86' title='bbox 961 1986 965 1993; x_wconf 69' lang='lat'><em>,</em></span> 
     </span>
     <span class='ocr_line' id='line_1_19' title="bbox 62 1990 973 2101; baseline -0.001 -28"><span class='ocrx_word' id='word_1_87' title='bbox 62 1999 213 2096; x_wconf 67' lang='lat' dir='ltr'>l&#39;lantae</span> <span class='ocrx_word' id='word_1_88' title='bbox 234 2001 500 2101; x_wconf 84' lang='lat' dir='ltr'>angiospennae.</span> <span class='ocrx_word' id='word_1_89' title='bbox 520 1994 596 2075; x_wconf 88' lang='lat' dir='ltr'>vid.</span> <span class='ocrx_word' id='word_1_90' title='bbox 621 1992 895 2098; x_wconf 85' lang='lat' dir='ltr'>angiospetma.</span> <span class='ocrx_word' id='word_1_91' title='bbox 933 1990 973 2058; x_wconf 55' lang='grc' dir='ltr'>(κ</span> 
     </span>
     <span class='ocr_line' id='line_1_20' title="bbox 61 2095 975 2200; baseline 0.002 -25"><span class='ocrx_word' id='word_1_92' title='bbox 61 2100 213 2178; x_wconf 83' lang='lat' dir='ltr'>Plantae</span> <span class='ocrx_word' id='word_1_93' title='bbox 221 2103 412 2200; x_wconf 81' lang='lat' dir='ltr'>capitatae,</span> <span class='ocrx_word' id='word_1_94' title='bbox 432 2120 528 2175; x_wconf 86' lang='lat' dir='ltr'>n1v</span> <span class='ocrx_word' id='word_1_95' title='bbox 547 2121 559 2171; x_wconf 96' lang='lat'>1</span> <span class='ocrx_word' id='word_1_96' title='bbox 577 2121 605 2172; x_wconf 86' lang='lat' dir='ltr'>N</span> <span class='ocrx_word' id='word_1_97' title='bbox 625 2121 649 2172; x_wconf 95' lang='lat' dir='ltr'>o</span> <span class='ocrx_word' id='word_1_98' title='bbox 679 2120 861 2174; x_wconf 86' lang='lat' dir='ltr'>vocantur</span> <span class='ocrx_word' id='word_1_99' title='bbox 876 2095 975 2198; x_wconf 76' lang='lat' dir='ltr'>istite,</span> 
     </span>
     <span class='ocr_line' id='line_1_21' title="bbox 109 2196 1043 2303; baseline 0 -26"><span class='ocrx_word' id='word_1_100' title='bbox 109 2196 436 2303; x_wconf 70' lang='lat' dir='ltr'>quartini-ealyces</span> <span class='ocrx_word' id='word_1_101' title='bbox 458 2197 597 2276; x_wconf 88' lang='lat' dir='ltr'>semina</span> <span class='ocrx_word' id='word_1_102' title='bbox 613 2197 846 2277; x_wconf 87' lang='lat' dir='ltr'>continentes</span> <span class='ocrx_word' id='word_1_103' title='bbox 869 2198 975 2279; x_wconf 82' lang='lat' dir='ltr'>allo·</span> <span class='ocrx_word' id='word_1_104' title='bbox 1040 2272 1043 2277; x_wconf 83' lang='lat'><em>.</em></span> 
     </span>
     <span class='ocr_line' id='line_1_22' title="bbox 31 2298 1085 2409; baseline 0.006 -32"><span class='ocrx_word' id='word_1_105' title='bbox 31 2306 33 2313; x_wconf 85' lang='lat'>&#39;</span> <span class='ocrx_word' id='word_1_106' title='bbox 108 2323 152 2377; x_wconf 88' lang='lat' dir='ltr'>re</span> <span class='ocrx_word' id='word_1_107' title='bbox 176 2298 326 2403; x_wconf 83' lang='lat' dir='ltr'>delapso</span> <span class='ocrx_word' id='word_1_108' title='bbox 343 2301 381 2379; x_wconf 91' lang='lat' dir='ltr'>in</span> <span class='ocrx_word' id='word_1_109' title='bbox 402 2324 570 2385; x_wconf 83' lang='lat' dir='ltr'>ventrem</span> <span class='ocrx_word' id='word_1_110' title='bbox 584 2299 825 2405; x_wconf 86' lang='lat' dir='ltr'>squamosum</span> <span class='ocrx_word' id='word_1_111' title='bbox 846 2302 974 2409; x_wconf 79' lang='lat' dir='ltr'>capitis</span> <span class='ocrx_word' id='word_1_112' title='bbox 1081 2354 1085 2383; x_wconf 77' lang='lat'>‚</span> 
     </span>
     <span class='ocr_line' id='line_1_23' title="bbox 112 2400 1057 2480; baseline -0.002 -1"><span class='ocrx_word' id='word_1_113' title='bbox 112 2400 307 2480; x_wconf 85' lang='lat' dir='ltr'>aemulum</span> <span class='ocrx_word' id='word_1_114' title='bbox 335 2424 616 2480; x_wconf 80' lang='lat' dir='ltr'>extumescunt·</span> <span class='ocrx_word' id='word_1_115' title='bbox 705 2427 737 2461; x_wconf 81' lang='lat'>···</span> <span class='ocrx_word' id='word_1_116' title='bbox 1056 2472 1057 2477; x_wconf 10' lang='lat' dir='ltr'>a</span> 
     </span>
     <span class='ocr_line' id='line_1_24' title="bbox 64 2490 976 2608; baseline 0 -25"><span class='ocrx_word' id='word_1_117' title='bbox 64 2506 198 2583; x_wconf 80' lang='lat' dir='ltr'>Planta</span> <span class='ocrx_word' id='word_1_118' title='bbox 216 2505 394 2608; x_wconf 78' lang='lat' dir='ltr'>completa.</span> <span class='ocrx_word' id='word_1_119' title='bbox 416 2527 512 2606; x_wconf 83' lang='lat' dir='ltr'>quoe</span> <span class='ocrx_word' id='word_1_120' title='bbox 534 2502 710 2582; x_wconf 83' lang='lat' dir='ltr'>omnibns</span> <span class='ocrx_word' id='word_1_121' title='bbox 726 2500 872 2605; x_wconf 86' lang='lat' dir='ltr'>plantae</span> <span class='ocrx_word' id='word_1_122' title='bbox 891 2490 976 2606; x_wconf 72' lang='lat' dir='ltr'>par·</span> 
     </span>
     <span class='ocr_line' id='line_1_25' title="bbox 115 2601 977 2707; baseline 0.006 -26"><span class='ocrx_word' id='word_1_123' title='bbox 115 2601 213 2682; x_wconf 86' lang='lat' dir='ltr'>tibus</span> <span class='ocrx_word' id='word_1_124' title='bbox 245 2629 307 2683; x_wconf 88' lang='lat' dir='ltr'>out</span> <span class='ocrx_word' id='word_1_125' title='bbox 343 2603 468 2682; x_wconf 90' lang='lat' dir='ltr'>saltem</span> <span class='ocrx_word' id='word_1_126' title='bbox 497 2603 669 2705; x_wconf 88' lang='lat' dir='ltr'>plurimis</span> <span class='ocrx_word' id='word_1_127' title='bbox 687 2603 839 2707; x_wconf 84' lang='lat' dir='ltr'>gaudet,</span> <span class='ocrx_word' id='word_1_128' title='bbox 858 2604 977 2686; x_wconf 84' lang='lat' dir='ltr'>veluti</span> 
     </span>
     <span class='ocr_line' id='line_1_26' title="bbox 112 2701 976 2806; baseline 0.006 -24"><span class='ocrx_word' id='word_1_129' title='bbox 112 2704 252 2805; x_wconf 73' lang='lat' dir='ltr'>radice,</span> <span class='ocrx_word' id='word_1_130' title='bbox 265 2705 387 2806; x_wconf 82' lang='lat' dir='ltr'>scapo,</span> <span class='ocrx_word' id='word_1_131' title='bbox 400 2705 567 2804; x_wconf 80' lang='lat' dir='ltr'>caudice,</span> <span class='ocrx_word' id='word_1_132' title='bbox 582 2704 696 2803; x_wconf 82' lang='lat' dir='ltr'>foliis,</span> <span class='ocrx_word' id='word_1_133' title='bbox 721 2701 880 2784; x_wconf 88' lang='lat' dir='ltr'>floribus</span> <span class='ocrx_word' id='word_1_134' title='bbox 903 2728 976 2788; x_wconf 85' lang='lat' dir='ltr'>etc.</span> 
     </span>
     <span class='ocr_line' id='line_1_27' title="bbox 62 2805 935 2908; baseline -0.005 -21"><span class='ocrx_word' id='word_1_135' title='bbox 62 2808 218 2887; x_wconf 81' lang='lat' dir='ltr'>Plantae</span> <span class='ocrx_word' id='word_1_136' title='bbox 249 2808 501 2908; x_wconf 80' lang='lat' dir='ltr'>dicotyledonet.</span> <span class='ocrx_word' id='word_1_137' title='bbox 528 2833 567 2888; x_wconf 90' lang='lat' dir='ltr'>v.</span> <span class='ocrx_word' id='word_1_138' title='bbox 588 2805 803 2908; x_wconf 88' lang='lat' dir='ltr'>cotyledon.</span> <span class='ocrx_word' id='word_1_139' title='bbox 871 2862 876 2870; x_wconf 80' lang='lat'>-</span> <span class='ocrx_word' id='word_1_140' title='bbox 907 2860 935 2873; x_wconf 78' lang='lat'>.·</span> 
     </span>
     <span class='ocr_line' id='line_1_28' title="bbox 63 2904 1068 3016; baseline 0.001 -28"><span class='ocrx_word' id='word_1_141' title='bbox 63 2911 218 2988; x_wconf 84' lang='lat' dir='ltr'>Plantae</span> <span class='ocrx_word' id='word_1_142' title='bbox 228 2909 640 3016; x_wconf 73' lang='lat' dir='ltr'>foemininoedicttntur,</span> <span class='ocrx_word' id='word_1_143' title='bbox 659 2928 757 3011; x_wconf 83' lang='lat' dir='ltr'>quae</span> <span class='ocrx_word' id='word_1_144' title='bbox 773 2905 857 2985; x_wconf 89' lang='lat' dir='ltr'>solis</span> <span class='ocrx_word' id='word_1_145' title='bbox 876 2904 977 2989; x_wconf 87' lang='lat' dir='ltr'>flori·</span> <span class='ocrx_word' id='word_1_146' title='bbox 1061 2962 1068 2972; x_wconf 89' lang='lat'><strong>·</strong></span> 
     </span>
     <span class='ocr_line' id='line_1_29' title="bbox 112 3007 978 3113; baseline 0 -26"><span class='ocrx_word' id='word_1_147' title='bbox 112 3009 188 3088; x_wconf 85' lang='lat' dir='ltr'>bus</span> <span class='ocrx_word' id='word_1_148' title='bbox 212 3007 431 3088; x_wconf 81' lang='lat' dir='ltr'>faemininis</span> <span class='ocrx_word' id='word_1_149' title='bbox 463 3009 640 3113; x_wconf 82' lang='lat' dir='ltr'>gaudent.</span> <span class='ocrx_word' id='word_1_150' title='bbox 866 3100 869 3107; x_wconf 28' lang='grc' dir='ltr'>Ι</span> <span class='ocrx_word' id='word_1_151' title='bbox 959 3012 978 3076; x_wconf 78' lang='lat'>&#39;-</span> 
     </span>
     <span class='ocr_line' id='line_1_30' title="bbox 64 3106 1106 3292; baseline 0.002 -105"><span class='ocrx_word' id='word_1_152' title='bbox 64 3110 203 3292; x_wconf 56' lang='lat' dir='ltr'>Plim</span> <span class='ocrx_word' id='word_1_153' title='bbox 224 3129 502 3217; x_wconf 80' lang='lat' dir='ltr'>gymnorpermo.</span> <span class='ocrx_word' id='word_1_154' title='bbox 536 3132 635 3215; x_wconf 83' lang='lat' dir='ltr'>quae</span> <span class='ocrx_word' id='word_1_155' title='bbox 669 3107 795 3187; x_wconf 89' lang='lat' dir='ltr'>semen</span> <span class='ocrx_word' id='word_1_156' title='bbox 827 3106 978 3189; x_wconf 86' lang='lat' dir='ltr'>nudum</span> <span class='ocrx_word' id='word_1_157' title='bbox 1056 3142 1059 3149; x_wconf 67' lang='grc'>’</span> <span class='ocrx_word' id='word_1_158' title='bbox 1099 3116 1106 3209; x_wconf 66' lang='lat' dir='ltr'>s</span> 
     </span>
     <span class='ocr_line' id='line_1_31' title="bbox 71 3228 884 3292; baseline 0.002 -1"><span class='ocrx_word' id='word_1_159' title='bbox 71 3228 80 3239; x_wconf 83' lang='lat'>··</span> <span class='ocrx_word' id='word_1_160' title='bbox 133 3232 233 3292; x_wconf 67' lang='lat' dir='ltr'>eet.r</span> <span class='ocrx_word' id='word_1_161' title='bbox 881 3232 884 3237; x_wconf 86' lang='lat'>·</span> 
     </span>
     <span class='ocr_line' id='line_1_32' title="bbox 63 3308 979 3419; baseline -0.004 -24"><span class='ocrx_word' id='word_1_162' title='bbox 63 3315 219 3395; x_wconf 82' lang='lat' dir='ltr'>Plantae</span> <span class='ocrx_word' id='word_1_163' title='bbox 235 3312 533 3418; x_wconf 82' lang='lat' dir='ltr'>hermaphroditae</span> <span class='ocrx_word' id='word_1_164' title='bbox 562 3310 665 3391; x_wconf 87' lang='lat' dir='ltr'>idem</span> <span class='ocrx_word' id='word_1_165' title='bbox 688 3332 731 3388; x_wconf 85' lang='lat' dir='ltr'>ac</span> <span class='ocrx_word' id='word_1_166' title='bbox 751 3308 897 3414; x_wconf 85' lang='lat' dir='ltr'>plantae</span> <span class='ocrx_word' id='word_1_167' title='bbox 916 3314 979 3419; x_wconf 81' lang='lat' dir='ltr'>an·</span> 
     </span>
     <span class='ocr_line' id='line_1_33' title="bbox 112 3416 811 3521; baseline 0.005 -28"><span class='ocrx_word' id='word_1_168' title='bbox 112 3416 325 3521; x_wconf 82' lang='lat' dir='ltr'>drogynae.</span> <span class='ocrx_word' id='word_1_169' title='bbox 420 3442 425 3455; x_wconf 82' lang='lat'>··</span> <span class='ocrx_word' id='word_1_170' title='bbox 808 3472 811 3477; x_wconf 91' lang='lat'><em>-</em></span> 
     </span>
     <span class='ocr_line' id='line_1_34' title="bbox 10 3511 981 3693; baseline -0.005 -96"><span class='ocrx_word' id='word_1_171' title='bbox 10 3584 21 3627; x_wconf 75' lang='lat'>.-</span> <span class='ocrx_word' id='word_1_172' title='bbox 65 3516 222 3603; x_wconf 86' lang='lat' dir='ltr'>Plantae</span> <span class='ocrx_word' id='word_1_173' title='bbox 240 3519 403 3625; x_wconf 70' lang='lat' dir='ltr'>tybrim</span> <span class='ocrx_word' id='word_1_174' title='bbox 437 3537 631 3627; x_wconf 64' lang='lat' dir='ltr'>vocantur¹</span> <span class='ocrx_word' id='word_1_175' title='bbox 647 3535 747 3620; x_wconf 76' lang='lat' dir='ltr'>quet</span> <span class='ocrx_word' id='word_1_176' title='bbox 775 3534 815 3597; x_wconf 79' lang='lat' dir='ltr'>et</span> <span class='ocrx_word' id='word_1_177' title='bbox 834 3511 981 3693; x_wconf 43' lang='lat' dir='ltr'>haiim.</span> 
     </span>
     <span class='ocr_line' id='line_1_35' title="bbox 872 3637 994 3718; baseline 0 -27"><span class='ocrx_word' id='word_1_178' title='bbox 872 3637 994 3718; x_wconf 68' lang='lat' dir='ltr'>pru·</span> 
     </span>
    </p>
   </div>
   <div class='ocr_carea' id='block_1_4' title="bbox 0 0 1114 4026">
    <p class='ocr_par' dir='ltr' id='par_1_4' title="bbox 0 0 1114 4026">
     <span class='ocr_line' id='line_1_36' title="bbox 0 0 1114 4026; baseline 0 0"><span class='ocrx_word' id='word_1_179' title='bbox 0 0 1114 4026; x_wconf 95' lang='lat' dir='ltr'> </span> 
     </span>
    </p>
   </div>
  </div>
 </body>
</html>
