2100 4020
31 378 220 480 Capitulum
239 371 294 448 est
310 370 433 473 figura
456 371 598 449 Horum
616 379 877 478 quamplures
898 378 940 459 in

62 473 213 556 'eodem
233 477 329 551 loco
352 477 580 574 congregati
595 468 768 553 formant
789 481 940 579 glonte-

64 603 148 657 rem
176 570 279 679 quad
300 576 442 655 florum
477 573 767 655 constituentes.

23 680 173 783 Caprensi
194 679 281 754 sunt
296 674 491 753 filamenta
513 678 682 754 cincinni
706 680 746 754 in
767 677 934 764 modum

66 797 267 872 contorta,¹
283 774 430 885 quibus¹
446 780 575 880 planta
585 780 725 856 vicinis
746 778 934 886 stirpibus,

66 877 308 987 stipitibusu'e
329 879 364 955 se
390 880 590 981 implicans
611 882 652 956 in
673 882 795 959 altum
814 889 931 963 eniti-

65 1001 162 1162 tuah
192 985 420 1085 ¹Synonytno
449 982 532 1061 sunt
568 983 758 1080 clauduli„
790 991 933 1066 viticuli

18 1134 21 1141 ·
63 1114 139 1164 Cirr
161 1106 198 1160 1‚,⁷
241 1134 271 1151 ι·
391 1134 399 1153 ι
918 1140 921 1145 -

21 1186 158 1291 (infida
183 1181 239 1262 est
262 1180 377 1262 theca
407 1183 593 1265 seminalis
620 1188 660 1264 in
682 1186 812 1265 multis
830 1190 928 1277 loco

64 1282 220 1373 fructu-s,
236 1282 311 1365 flue
330 1286 440 1365 cratia
461 1285 537 1368 fiue
559 1288 685 1367 tenuis
706 1284 831 1386 fucrit,
850 1295 929 1396 plo

65 1408 228 1494 rumque
243 1383 335 1465 sicca
354 1406 393 1466 et
421 1386 546 1466 breuis
576 1390 638 1477 est,
665 1408 707 1467 vt
727 1386 930 1492 distingua-

23 1586 26 1591 ,
66 1508 123 1571 tur
148 1519 172 1568 a
186 1486 337 1594 siliqua,
361 1490 452 1568 hinc
465 1494 618 1593 plantae
634 1490 927 1595 nnicapsulares,

21 1608 26 1639 ¹
63 1590 326 1697 bicapsulares.
563 1620 566 1625 ·
823 1628 833 1681 .·
910 1660 915 1669 .

19 1694 144 1795 Carina
172 1692 227 1789 est
245 1693 350 1772 floris
364 1693 617 1799 papilionacei
633 1691 808 1769 infimum
819 1711 923 1796 peta·

56 1801 154 1878 lum.
205 1790 354 1875 Foliafi
375 1795 553 1873 dicuntur
571 1798 738 1872 carinata
751 1797 791 1870 in
806 1819 924 1897 angue
1028 1822 1031 1829 ·

55 1904 142 1979 lum
154 1900 380 2002 plerumque
401 1913 557 1976 acutum
579 1914 824 1973 excauantur.

14 2002 101 2079 caro
118 1996 258 2077 dicitur
281 2003 402 2100 vulgo
431 1994 627 2075 substantia
658 1991 801 2076 frudins
823 1999 923 2073 mol·

12 2118 16 2131 ·
54 2105 156 2203 lior,
171 2102 389 2181 succulenta
405 2098 921 2205 etpulpotasynonimasunt

12 2252 16 2261 ’
54 2202 440 2306 ΨΜῬΜΨΜῙ·
852 2262 868 2275 -·
1035 2216 1038 2221 ’

15 2306 152 2381 Caudex
171 2303 336 2383 vocatu'r
358 2308 572 2409 plantarum
590 2327 675 2408 pars
700 2326 796 2408 quae
814 2326 837 2378 a
863 2326 920 2378 ra·

60 2402 149 2502 dice
163 2402 301 2484 'versus
311 2406 502 2509 superiora
521 2403 739 2484 extenditur
764 2408 919 2507 proprie

63 2502 315 2586 inarbotibus
339 2502 595 2586 etfruticibns
611 2509 791 2585 occurrit.
825 2505 919 2581 Cer·

62 2618 106 2687 to
121 2608 286 2714 respedia
299 2627 470 2705 truncuS,
485 2612 615 2696 caulis,
632 2609 773 2714 scapu5,
795 2605 915 2711 stipes,

54 2713 226 2797 culmus,
256 2709 460 2810 synonyma
492 2708 585 2787 sunt.

12 2806 123 2886 caulis
141 2810 196 2889 est
220 2814 333 2913 -vic-ga
361 2810 611 2891 herbaru'tne
639 2802 768 2885 radice
794 2833 916 2886 emet·

52 2907 279 3015 gens-dolia·
296 2914 492 3014 floresque
518 2907 662 3004 ferens,
683 2908 812 3014 estque
826 2907 914 2991 fim·

52 3016 142 3119 plex
161 3016 226 3091 vel
243 3009 491 3118 compofitus.
838 3100 840 3104 Α

12 3110 265 3293 &ugsfdlatus
299 3119 365 3218 qui
393 3110 599 3192 secundum
624 3106 931 3213 longitudinem

49 3238 74 3291 e
137 3218 291 3296 aliatus.

11 3313 130 3392 caulis·
144 3314 357 3419 polyanthot.
394 3320 460 3422 qui
476 3321 614 3423 ¹plures
641 3336 756 3416 quam
793 3284 915 3390 vnum

52 3415 205 3496 sustinet
217 3419 381 3496 dotem.
589 3484 593 3489 .
815 3452 819 3461 ·
904 3446 912 3493 t

11 3514 166 3665 effla·
208 3520 359 3599 Cereales
378 3520 571 3621 plantata
600 3514 745 3650 (iecere
779 3508 934 3722 ὀίὲἒαξέ.
