2220 4026
49 373 177 466 Arista
201 371 242 446 in
265 369 478 472 cerealibus
507 377 647 457 dicitur
682 381 748 457 illa
776 381 903 457 tenuis
934 397 976 457 et
1025 464 1028 469 ,

101 474 320 551 eminense
342 477 472 575 gluma
496 503 599 560 acus.
635 483 837 576 Aristanrm
866 474 974 585 quod
1028 472 1033 481 ’

102 572 298 651 eiusmodi
316 600 387 653 acu
411 576 435 653 l?
452 579 552 682 spina
570 581 622 659 ell
637 578 838 660 donatum.
935 646 961 659 ..

51 678 274 756 Articulario
296 675 428 754 estilla
453 685 619 784 partium
645 686 842 763 connexio
872 698 973 787 quae

104 779 219 855 certis
234 779 456 885 plantarum
477 779 712 887 siliquis-vel
737 788 856 864 etiam
876 784 973 864 radi·

111 871 221 957 cibus
238 904 310 984 pro
337 883 392 958 ria
411 882 474 979 eil,
492 910 566 992 qua
579 880 730 965 solubili
743 911 844 961 nexu
868 888 970 963 inter

98 978 285 1060 seconne
327 1002 453 1064 untur.
956 1036 960 1041 -

52 1083 267 1186 Aspararus.
286 1086 473 1189 Asparagi.
492 1089 616 1193 prima
629 1090 782 1168 olerum
797 1086 971 1188 germina

102 1177 231 1264 edulia
250 1206 452 1266 vocantur.

49 1288 147 1365 Axis
165 1288 206 1364 in
229 1286 427 1369 botanicis
444 1286 553 1379 audit
574 1292 638 1368 illa
664 1306 864 1369 certorum
892 1280 970 1365 fru-
1045 1319 1049 1335 ·

103 1382 234 1466 {tuum
261 1414 306 1466 ac
335 1412 662 1474 nucamentorum
685 1415 770 1493 pars
797 1413 904 1494 quae·
927 1389 969 1467 in

104 1513 246 1571 centro
276 1487 396 1596 posita
427 1498 531 1573 iuxta
562 1493 598 1572 se
630 1489 820 1600 dispolitas
847 1485 971 1570 habet

101 1596 272 1699 reliquas
288 1588 431 1674 frutlus
450 1616 587 1696 partes.
750 1669 756 1693 „
919 1648 923 1657 ·
954 1668 957 1673 .

50 1692 172 1774 Barca
204 1693 260 1772 eil
285 1692 425 1800 species
445 1698 599 1778 liutius.
653 1700 754 1775 Inter
769 1693 905 1771 acinos
929 1706 969 1799 et

99 1792 241 1876 baccas
254 1793 551 1879 hoc'dilitrimen
566 1795 803 1897 intereredin
815 1814 857 1872 vt
867 1795 972 1898 pri'o'·

99 1924 162 1978 res
182 1923 253 1977 ceu
274 1894 417 1981 frutius
444 1899 649 1979 herbarum
671 1902 863 1996 minores,
884 1891 974 1972 den·

109 1996 425 2105 iius.nascantur‚'
455 2003 527 2081 hae
551 1997 775 2105 grandiores
791 2014 832 2077 et
851 1998 975 2077 rario-

106 2126 169 2181 res
189 2098 274 2183 sint.
414 2106 434 2125 “’
567 2124 569 2129 ·
890 2123 916 2183 ·-·,

53 2203 179 2283 Barla
215 2203 269 2283 eli
303 2214 395 2287 n'rv
412 2231 506 2285 ruo
544 2204 690 2288 florum
728 2205 972 2306 galeatorum
1093 2224 1100 2236 ‘

102 2306 255 2385 labium
283 2301 494 2411 inferius,
900 2326 924 2399 ἦ
1062 2384 1072 2407 „

54 2407 223 2486 Barbula.
247 2407 422 2486 Barbulae
442 2426 634 2489 vocantur
654 2404 809 2488 flosculi
834 2407 876 2483 in
902 2403 973 2485 flo-

109 2505 213 2587 ribus
235 2504 456 2600 discoideis‚
488 2510 637 2590 discum
656 2531 830 2586 coronae
858 2505 973 2587 instar

56 2626 60 2633 '
104 2611 318 2714 cingentes,
340 2628 531 2692 vocantur
560 2630 601 2691 et
617 2614 724 2687 radii.

53 2708 231 2799 Biualuis.
259 2710 406 2791 limiae.
441 2712 582 2792 dicitur
614 2710 662 2790 de
685 2712 973 2814 conceptaculo

102 2812 277 2890 seminali
304 2839 373 2921 per
396 2820 660 2895 maturitatem
693 2813 872 2913 vtrinque
906 2810 972 2889 ‹ie-

101 2912 284 2992 hiscente
303 2960 306 2964 ·
324 2920 557 3021 intelligitur
580 2916 831 3020 vtplurimum
856 2909 972 2994 derle-
1074 2942 1076 2947 ’

107 2974 333 3116 guminolis
587 3110 590 3114 ,

56 3112 234 3193 Botanica
256 3118 309 3196 est
332 3118 487 3195 scientia
503 3119 706 3204 naturalis,
726 3139 824 3221 quae
858 3136 975 3214 vege-

52 3214 287 3298 'tabilium
306 3223 577 3322 cognitionem
600 3214 728 3298 tradit.
864 3272 867 3279 ·
888 3234 909 3285 :³
1026 3314 1030 3321 ἱ

58 3317 229 3397 Batanici
264 3317 592 3401 eir-fiindamento
628 3320 789 3423 gemino
826 3312 974 3395 borani·

110 3445 198 3500 cam
218 3423 435 3525 intelligere
449 3417 611 3519 debent,
630 3422 842 3520 omniaque
858 3432 977 3520 uegev‘

110 3520 245 3605 tabilia
263 3528 423 3606 nomine
444 3519 680 3628 intelligibili
703 3519 930 3697 designans}3

72 3650 105 3669 ··
216 3640 225 3649 ”
933 3646 1007 3695 rn-
