<?xml version="1.0" encoding="UTF-8"?>
<!DOCTYPE html PUBLIC "-//W3C//DTD XHTML 1.0 Transitional//EN"
    "http://www.w3.org/TR/xhtml1/DTD/xhtml1-transitional.dtd">
<html xmlns="http://www.w3.org/1999/xhtml" xml:lang="en" lang="en">
 <head>
  <title>
</title>
<meta http-equiv="Content-Type" content="text/html;charset=utf-8" />
  <meta name='ocr-system' content='tesseract 3.04.00' />
  <meta name='ocr-capabilities' content='ocr_page ocr_carea ocr_par ocr_line ocrx_word'/>
</head>
<body>
  <div class='ocr_page' id='page_1' title='image "./caroliaugustide00berggoog_0043.png"; bbox 0 0 2220 4026; ppageno 0'>
   <div class='ocr_carea' id='block_1_1' title="bbox 165 196 826 305">
    <p class='ocr_par' dir='ltr' id='par_1_1' title="bbox 165 196 826 305">
     <span class='ocr_line' id='line_1_1' title="bbox 165 196 826 305; baseline 0.008 -5"><span class='ocrx_word' id='word_1_1' title='bbox 165 232 227 300; x_wconf 71' lang='lat'>30‘</span> <span class='ocrx_word' id='word_1_2' title='bbox 446 196 514 297; x_wconf 51' lang='lat' dir='ltr'>aa&amp;</span> <span class='ocrx_word' id='word_1_3' title='bbox 562 202 669 296; x_wconf 60' lang='lat'>³0(</span> <span class='ocrx_word' id='word_1_4' title='bbox 726 198 826 305; x_wconf 46' lang='lat'>2³2*</span> 
     </span>
    </p>
   </div>
   <div class='ocr_carea' id='block_1_2' title="bbox 40 349 1079 1501">
    <p class='ocr_par' dir='ltr' id='par_1_2' title="bbox 165 349 1079 464">
     <span class='ocr_line' id='line_1_2' title="bbox 165 349 1079 464; baseline -0.01 -5"><span class='ocrx_word' id='word_1_5' title='bbox 165 418 168 423; x_wconf 91' lang='lat'>·</span> <span class='ocrx_word' id='word_1_6' title='bbox 213 381 291 460; x_wconf 81' lang='lat' dir='ltr'>tuti</span> <span class='ocrx_word' id='word_1_7' title='bbox 311 371 453 455; x_wconf 66' lang='lat' dir='ltr'>fructus</span> <span class='ocrx_word' id='word_1_8' title='bbox 469 349 698 450; x_wconf 63' lang='lat' dir='ltr'>rudimenta</span> <span class='ocrx_word' id='word_1_9' title='bbox 712 369 942 464; x_wconf 88' lang='lat' dir='ltr'>continens;</span> <span class='ocrx_word' id='word_1_10' title='bbox 970 375 1079 450; x_wconf 87' lang='lat' dir='ltr'>mole</span> 
     </span>
    </p>

    <p class='ocr_par' dir='ltr' id='par_1_3' title="bbox 163 468 1079 680">
     <span class='ocr_line' id='line_1_3' title="bbox 214 468 1079 560; baseline -0.009 -1"><span class='ocrx_word' id='word_1_11' title='bbox 214 476 370 560; x_wconf 65' lang='lat' dir='ltr'>aucium</span> <span class='ocrx_word' id='word_1_12' title='bbox 388 500 427 555; x_wconf 88' lang='lat' dir='ltr'>et</span> <span class='ocrx_word' id='word_1_13' title='bbox 449 472 646 553; x_wconf 80' lang='lat' dir='ltr'>extensum</span> <span class='ocrx_word' id='word_1_14' title='bbox 676 468 838 552; x_wconf 77' lang='lat' dir='ltr'>frutlum</span> <span class='ocrx_word' id='word_1_15' title='bbox 864 472 1079 552; x_wconf 80' lang='lat' dir='ltr'>constituit.</span> 
     </span>
     <span class='ocr_line' id='line_1_4' title="bbox 163 573 1079 680; baseline -0.01 -17"><span class='ocrx_word' id='word_1_16' title='bbox 163 585 349 667; x_wconf 83' lang='lat' dir='ltr'>Panicala,</span> <span class='ocrx_word' id='word_1_17' title='bbox 363 604 407 655; x_wconf 88' lang='lat' dir='ltr'>ea</span> <span class='ocrx_word' id='word_1_18' title='bbox 429 577 645 680; x_wconf 76' lang='lat' dir='ltr'>graminum</span> <span class='ocrx_word' id='word_1_19' title='bbox 665 593 705 653; x_wconf 90' lang='lat' dir='ltr'>et</span> <span class='ocrx_word' id='word_1_20' title='bbox 725 575 933 651; x_wconf 82' lang='lat' dir='ltr'><strong>cerealium</strong></span> <span class='ocrx_word' id='word_1_21' title='bbox 955 573 1079 676; x_wconf 82' lang='lat' dir='ltr'>dispo·</span> 
     </span>
    </p>

    <p class='ocr_par' dir='ltr' id='par_1_4' title="bbox 40 672 1079 1186">
     <span class='ocr_line' id='line_1_5' title="bbox 216 672 1079 788; baseline -0.007 -27"><span class='ocrx_word' id='word_1_22' title='bbox 216 680 315 783; x_wconf 78' lang='lat' dir='ltr'>fitia,</span> <span class='ocrx_word' id='word_1_23' title='bbox 325 704 400 788; x_wconf 85' lang='lat' dir='ltr'>qua</span> <span class='ocrx_word' id='word_1_24' title='bbox 418 703 499 757; x_wconf 91' lang='lat' dir='ltr'>non</span> <span class='ocrx_word' id='word_1_25' title='bbox 511 679 558 754; x_wconf 72' lang='lat' dir='ltr'>in·</span> <span class='ocrx_word' id='word_1_26' title='bbox 572 675 712 782; x_wconf 81' lang='lat' dir='ltr'>spicam</span> <span class='ocrx_word' id='word_1_27' title='bbox 743 677 991 776; x_wconf 88' lang='lat' dir='ltr'>colliguntur,</span> <span class='ocrx_word' id='word_1_28' title='bbox 1016 672 1079 755; x_wconf 83' lang='lat' dir='ltr'>sed</span> 
     </span>
     <span class='ocr_line' id='line_1_6' title="bbox 214 775 1078 864; baseline -0.017 -0.925"><span class='ocrx_word' id='word_1_29' title='bbox 214 787 325 864; x_wconf 87' lang='lat' dir='ltr'>latius</span> <span class='ocrx_word' id='word_1_30' title='bbox 348 775 606 859; x_wconf 85' lang='lat' dir='ltr'>effunduntur.</span> <span class='ocrx_word' id='word_1_31' title='bbox 1073 842 1078 848; x_wconf 89' lang='lat'>.</span> 
     </span>
     <span class='ocr_line' id='line_1_7' title="bbox 40 876 1077 985; baseline 0.001 -27"><span class='ocrx_word' id='word_1_32' title='bbox 40 888 43 893; x_wconf 78' lang='grc'><em>’</em></span> <span class='ocrx_word' id='word_1_33' title='bbox 163 888 316 985; x_wconf 68' lang='lat' dir='ltr'>Pupput,</span> <span class='ocrx_word' id='word_1_34' title='bbox 333 910 376 957; x_wconf 81' lang='lat' dir='ltr'>ea</span> <span class='ocrx_word' id='word_1_35' title='bbox 389 887 532 980; x_wconf 78' lang='lat' dir='ltr'>lanugo</span> <span class='ocrx_word' id='word_1_36' title='bbox 554 904 601 955; x_wconf 87' lang='lat' dir='ltr'>ex</span> <span class='ocrx_word' id='word_1_37' title='bbox 620 877 793 982; x_wconf 86' lang='lat' dir='ltr'><strong>plurimis</strong></span> <span class='ocrx_word' id='word_1_38' title='bbox 816 876 1077 983; x_wconf 85' lang='lat' dir='ltr'>tenuibusque</span> 
     </span>
     <span class='ocr_line' id='line_1_8' title="bbox 160 977 1077 1088; baseline 0 -28"><span class='ocrx_word' id='word_1_39' title='bbox 160 1018 167 1042; x_wconf 62' lang='grc' dir='ltr'>ι</span> <span class='ocrx_word' id='word_1_40' title='bbox 215 986 355 1088; x_wconf 83' lang='lat' dir='ltr'>plumis</span> <span class='ocrx_word' id='word_1_41' title='bbox 372 977 447 1059; x_wconf 86' lang='lat' dir='ltr'>fiae</span> <span class='ocrx_word' id='word_1_42' title='bbox 464 983 575 1072; x_wconf 84' lang='lat' dir='ltr'>villis,</span> <span class='ocrx_word' id='word_1_43' title='bbox 587 1003 683 1083; x_wconf 84' lang='lat' dir='ltr'>quae</span> <span class='ocrx_word' id='word_1_44' title='bbox 695 977 899 1059; x_wconf 89' lang='lat' dir='ltr'>seminibus</span> <span class='ocrx_word' id='word_1_45' title='bbox 920 977 1077 1087; x_wconf 89' lang='lat' dir='ltr'>quibus-</span> 
     </span>
     <span class='ocr_line' id='line_1_9' title="bbox 159 1079 1074 1186; baseline 0.005 -25"><span class='ocrx_word' id='word_1_46' title='bbox 159 1116 167 1127; x_wconf 92' lang='lat'><strong>·</strong></span> <span class='ocrx_word' id='word_1_47' title='bbox 210 1082 302 1163; x_wconf 86' lang='lat' dir='ltr'>dam</span> <span class='ocrx_word' id='word_1_48' title='bbox 328 1081 527 1177; x_wconf 79' lang='lat' dir='ltr'>adhaeret,</span> <span class='ocrx_word' id='word_1_49' title='bbox 557 1104 732 1186; x_wconf 89' lang='lat' dir='ltr'>quaeque</span> <span class='ocrx_word' id='word_1_50' title='bbox 756 1079 981 1160; x_wconf 83' lang='lat' dir='ltr'>immediate</span> <span class='ocrx_word' id='word_1_51' title='bbox 1010 1087 1074 1166; x_wconf 92' lang='lat' dir='ltr'>vel</span> 
     </span>
    </p>

    <p class='ocr_par' dir='ltr' id='par_1_5' title="bbox 157 1180 1074 1501">
     <span class='ocr_line' id='line_1_10' title="bbox 213 1180 1074 1287; baseline -0.005 -22"><span class='ocrx_word' id='word_1_52' title='bbox 213 1182 441 1287; x_wconf 84' lang='lat' dir='ltr'>interpofito</span> <span class='ocrx_word' id='word_1_53' title='bbox 457 1185 610 1287; x_wconf 89' lang='lat' dir='ltr'>petiolo</span> <span class='ocrx_word' id='word_1_54' title='bbox 621 1185 816 1269; x_wconf 83' lang='lat' dir='ltr'>accrescit,</span> <span class='ocrx_word' id='word_1_55' title='bbox 831 1180 931 1262; x_wconf 89' lang='lat' dir='ltr'>vnde</span> <span class='ocrx_word' id='word_1_56' title='bbox 960 1182 1074 1264; x_wconf 80' lang='lat' dir='ltr'>scitur</span> 
     </span>
     <span class='ocr_line' id='line_1_11' title="bbox 213 1282 1073 1394; baseline 0.003 -30.829"><span class='ocrx_word' id='word_1_57' title='bbox 213 1282 305 1394; x_wconf 88' lang='lat' dir='ltr'>quid</span> <span class='ocrx_word' id='word_1_58' title='bbox 336 1284 499 1389; x_wconf 75' lang='lat' dir='ltr'>pappofit</span> <span class='ocrx_word' id='word_1_59' title='bbox 526 1286 674 1386; x_wconf 79' lang='lat' dir='ltr'>planta,</span> <span class='ocrx_word' id='word_1_60' title='bbox 695 1282 905 1389; x_wconf 85' lang='lat' dir='ltr'>papposum</span> <span class='ocrx_word' id='word_1_61' title='bbox 933 1286 1073 1376; x_wconf 87' lang='lat' dir='ltr'>semen,</span> 
     </span>
     <span class='ocr_line' id='line_1_12' title="bbox 157 1386 629 1501; baseline -0.002 -35"><span class='ocrx_word' id='word_1_62' title='bbox 157 1412 165 1441; x_wconf 90' lang='lat'>-·</span> <span class='ocrx_word' id='word_1_63' title='bbox 207 1406 358 1501; x_wconf 77' lang='lat' dir='ltr'>&#39;pappus</span> <span class='ocrx_word' id='word_1_64' title='bbox 402 1386 525 1465; x_wconf 87' lang='lat' dir='ltr'>sessilis</span> <span class='ocrx_word' id='word_1_65' title='bbox 556 1402 629 1465; x_wconf 83' lang='lat' dir='ltr'>etc.</span> 
     </span>
    </p>
   </div>
   <div class='ocr_carea' id='block_1_3' title="bbox 35 1475 1073 1593">
    <p class='ocr_par' dir='ltr' id='par_1_6' title="bbox 35 1475 1073 1593">
     <span class='ocr_line' id='line_1_13' title="bbox 35 1475 1073 1593; baseline 0.005 -27"><span class='ocrx_word' id='word_1_66' title='bbox 35 1475 58 1505; x_wconf 66' lang='lat'><strong><em>‘</em></strong></span> <span class='ocrx_word' id='word_1_67' title='bbox 162 1486 347 1567; x_wconf 82' lang='lat' dir='ltr'>Padiculus</span> <span class='ocrx_word' id='word_1_68' title='bbox 367 1487 469 1566; x_wconf 90' lang='lat' dir='ltr'>idem</span> <span class='ocrx_word' id='word_1_69' title='bbox 496 1484 602 1593; x_wconf 90' lang='lat' dir='ltr'>quod</span> <span class='ocrx_word' id='word_1_70' title='bbox 627 1487 804 1591; x_wconf 87' lang='lat' dir='ltr'>petiolus.</span> <span class='ocrx_word' id='word_1_71' title='bbox 858 1483 995 1570; x_wconf 68' lang='lat' dir='ltr'>stricte</span> <span class='ocrx_word' id='word_1_72' title='bbox 1018 1491 1073 1571; x_wconf 88' lang='lat' dir='ltr'>su·</span> 
     </span>
    </p>
   </div>
   <div class='ocr_carea' id='block_1_4' title="bbox 105 1591 1072 3112">
    <p class='ocr_par' dir='ltr' id='par_1_7' title="bbox 155 1591 927 1695">
     <span class='ocr_line' id='line_1_14' title="bbox 155 1591 927 1695; baseline 0.001 -25"><span class='ocrx_word' id='word_1_73' title='bbox 155 1640 169 1654; x_wconf 84' lang='lat'>-</span> <span class='ocrx_word' id='word_1_74' title='bbox 212 1594 332 1670; x_wconf 87' lang='lat' dir='ltr'>mitur</span> <span class='ocrx_word' id='word_1_75' title='bbox 369 1616 441 1693; x_wconf 90' lang='lat' dir='ltr'>pro</span> <span class='ocrx_word' id='word_1_76' title='bbox 464 1593 616 1695; x_wconf 87' lang='lat' dir='ltr'>petiolo</span> <span class='ocrx_word' id='word_1_77' title='bbox 644 1591 842 1693; x_wconf 79' lang='lat' dir='ltr'>florigero·</span> <span class='ocrx_word' id='word_1_78' title='bbox 924 1666 927 1671; x_wconf 78' lang='grc'>,</span> 
     </span>
    </p>

    <p class='ocr_par' dir='ltr' id='par_1_8' title="bbox 155 1686 1068 1798">
     <span class='ocr_line' id='line_1_15' title="bbox 155 1686 1068 1798; baseline 0.003 -28"><span class='ocrx_word' id='word_1_79' title='bbox 155 1694 389 1789; x_wconf 36' lang='grc' dir='ltr'>ΡΜκΑηεηΙω,</span> <span class='ocrx_word' id='word_1_80' title='bbox 415 1690 467 1768; x_wconf 88' lang='lat' dir='ltr'>est</span> <span class='ocrx_word' id='word_1_81' title='bbox 484 1693 682 1798; x_wconf 77' lang='lat' dir='ltr'>proximus</span> <span class='ocrx_word' id='word_1_82' title='bbox 705 1693 812 1772; x_wconf 86' lang='lat' dir='ltr'>floris</span> <span class='ocrx_word' id='word_1_83' title='bbox 836 1695 899 1769; x_wconf 85' lang='lat' dir='ltr'>vel</span> <span class='ocrx_word' id='word_1_84' title='bbox 924 1686 1068 1773; x_wconf 65' lang='lat' dir='ltr'>faustus</span> 
     </span>
    </p>

    <p class='ocr_par' dir='ltr' id='par_1_9' title="bbox 158 1790 1070 1972">
     <span class='ocr_line' id='line_1_16' title="bbox 158 1790 1070 1972; baseline 0.002 -102"><span class='ocrx_word' id='word_1_85' title='bbox 158 1795 345 1972; x_wconf 51' lang='lat' dir='ltr'>&#39;ncauliss</span> <span class='ocrx_word' id='word_1_86' title='bbox 370 1818 391 1868; x_wconf 86' lang='lat' dir='ltr'>a</span> <span class='ocrx_word' id='word_1_87' title='bbox 414 1818 491 1898; x_wconf 91' lang='lat' dir='ltr'>quo</span> <span class='ocrx_word' id='word_1_88' title='bbox 515 1790 766 1898; x_wconf 86' lang='lat' dir='ltr'>propendent,</span> <span class='ocrx_word' id='word_1_89' title='bbox 789 1790 880 1874; x_wconf 89' lang='lat' dir='ltr'>hinc</span> <span class='ocrx_word' id='word_1_90' title='bbox 898 1790 1070 1895; x_wconf 82' lang='lat' dir='ltr'>idemac</span> 
     </span>
    </p>

    <p class='ocr_par' dir='ltr' id='par_1_10' title="bbox 156 1913 442 1973">
     <span class='ocr_line' id='line_1_17' title="bbox 156 1913 442 1973; baseline -0.007 -1"><span class='ocrx_word' id='word_1_91' title='bbox 156 1950 161 1959; x_wconf 84' lang='lat'><em>-</em></span> <span class='ocrx_word' id='word_1_92' title='bbox 238 1913 318 1973; x_wconf 81' lang='lat' dir='ltr'>etto</span> <span class='ocrx_word' id='word_1_93' title='bbox 338 1916 390 1972; x_wconf 85' lang='lat' dir='ltr'>us.</span> <span class='ocrx_word' id='word_1_94' title='bbox 438 1952 442 1959; x_wconf 86' lang='lat'><strong>.</strong></span> 
     </span>
    </p>

    <p class='ocr_par' dir='ltr' id='par_1_11' title="bbox 158 1922 1068 2201">
     <span class='ocr_line' id='line_1_18' title="bbox 158 1922 1068 2095; baseline -0.007 -16"><span class='ocrx_word' id='word_1_95' title='bbox 158 1922 324 2079; x_wconf 49' lang='lat' dir='ltr'>uiam</span> <span class='ocrx_word' id='word_1_96' title='bbox 361 1992 503 2074; x_wconf 85' lang='lat' dir='ltr'>dicitur</span> <span class='ocrx_word' id='word_1_97' title='bbox 544 1990 720 2075; x_wconf 85' lang='lat' dir='ltr'>corollae&#39;</span> <span class='ocrx_word' id='word_1_98' title='bbox 749 1988 987 2095; x_wconf 86' lang='lat' dir='ltr'>foliolum‚fi</span> <span class='ocrx_word' id='word_1_99' title='bbox 1018 2020 1068 2074; x_wconf 84' lang='lat' dir='ltr'>ex</span> 
     </span>
     <span class='ocr_line' id='line_1_19' title="bbox 211 2093 732 2201; baseline -0.008 -26"><span class='ocrx_word' id='word_1_100' title='bbox 211 2099 398 2201; x_wconf 80' lang='lat' dir='ltr'>plurimis,</span> <span class='ocrx_word' id='word_1_101' title='bbox 416 2093 555 2177; x_wconf 65' lang='lat' dir='ltr'>frustiis</span> <span class='ocrx_word' id='word_1_102' title='bbox 574 2096 732 2177; x_wconf 88' lang='lat' dir='ltr'>constat.</span> 
     </span>
    </p>

    <p class='ocr_par' dir='ltr' id='par_1_12' title="bbox 156 2194 657 2302">
     <span class='ocr_line' id='line_1_20' title="bbox 156 2194 657 2302; baseline -0.01 -23"><span class='ocrx_word' id='word_1_103' title='bbox 156 2197 406 2279; x_wconf 65' lang='lat' dir='ltr'>Patauium</span> <span class='ocrx_word' id='word_1_104' title='bbox 431 2194 507 2276; x_wconf 83' lang='lat' dir='ltr'>vid.</span> <span class='ocrx_word' id='word_1_105' title='bbox 539 2204 657 2302; x_wconf 81' lang='lat' dir='ltr'><strong>calyx.</strong></span> 
     </span>
    </p>

    <p class='ocr_par' dir='ltr' id='par_1_13' title="bbox 159 2293 1068 2509">
     <span class='ocr_line' id='line_1_21' title="bbox 159 2293 1068 2408; baseline 0.009 -31"><span class='ocrx_word' id='word_1_106' title='bbox 159 2302 314 2378; x_wconf 73' lang='lat' dir='ltr'>Patiolas</span> <span class='ocrx_word' id='word_1_107' title='bbox 349 2298 401 2377; x_wconf 80' lang='lat' dir='ltr'>est</span> <span class='ocrx_word' id='word_1_108' title='bbox 433 2303 632 2408; x_wconf 86' lang='lat' dir='ltr'>proximus</span> <span class='ocrx_word' id='word_1_109' title='bbox 666 2293 749 2379; x_wconf 77' lang='lat' dir='ltr'>folii</span> <span class='ocrx_word' id='word_1_110' title='bbox 782 2302 957 2399; x_wconf 60' lang='lat' dir='ltr'>mulina</span> <span class='ocrx_word' id='word_1_111' title='bbox 984 2322 1068 2408; x_wconf 90' lang='lat' dir='ltr'>quo</span> 
     </span>
     <span class='ocr_line' id='line_1_22' title="bbox 209 2399 951 2509; baseline 0.003 -29"><span class='ocrx_word' id='word_1_112' title='bbox 209 2399 434 2509; x_wconf 87' lang='lat' dir='ltr'>propendet.</span> <span class='ocrx_word' id='word_1_113' title='bbox 486 2408 488 2415; x_wconf 86' lang='lat'>&#39;</span> <span class='ocrx_word' id='word_1_114' title='bbox 657 2429 660 2433; x_wconf 85' lang='lat'>·</span> <span class='ocrx_word' id='word_1_115' title='bbox 939 2459 951 2475; x_wconf 89' lang='lat'>.-</span> 
     </span>
    </p>

    <p class='ocr_par' dir='ltr' id='par_1_14' title="bbox 156 2498 1072 2606">
     <span class='ocr_line' id='line_1_23' title="bbox 156 2498 1072 2606; baseline 0.007 -25"><span class='ocrx_word' id='word_1_116' title='bbox 156 2504 295 2581; x_wconf 83' lang='lat' dir='ltr'>Pinaae</span> <span class='ocrx_word' id='word_1_117' title='bbox 332 2523 523 2584; x_wconf 84' lang='lat' dir='ltr'>vocantur</span> <span class='ocrx_word' id='word_1_118' title='bbox 546 2505 552 2521; x_wconf 88' lang='grc'><strong><em>’</em></strong></span> <span class='ocrx_word' id='word_1_119' title='bbox 572 2498 708 2582; x_wconf 88' lang='lat' dir='ltr'>foliola</span> <span class='ocrx_word' id='word_1_120' title='bbox 740 2504 968 2606; x_wconf 85' lang='lat' dir='ltr'>coniugata,</span> <span class='ocrx_word' id='word_1_121' title='bbox 987 2507 1072 2592; x_wconf 73' lang='lat' dir='ltr'>,vni</span> 
     </span>
    </p>

    <p class='ocr_par' dir='ltr' id='par_1_15' title="bbox 154 2602 1068 2788">
     <span class='ocr_line' id='line_1_24' title="bbox 154 2602 1068 2711; baseline 0.007 -29"><span class='ocrx_word' id='word_1_122' title='bbox 154 2648 158 2655; x_wconf 92' lang='lat'>·</span> <span class='ocrx_word' id='word_1_123' title='bbox 208 2604 335 2684; x_wconf 80' lang='lat' dir='ltr'>costae</span> <span class='ocrx_word' id='word_1_124' title='bbox 344 2604 600 2691; x_wconf 85' lang='lat' dir='ltr'>adhaerentia,</span> <span class='ocrx_word' id='word_1_125' title='bbox 613 2607 676 2680; x_wconf 85' lang='lat' dir='ltr'>vei</span> <span class='ocrx_word' id='word_1_126' title='bbox 688 2605 806 2682; x_wconf 86' lang='lat' dir='ltr'>etiam</span> <span class='ocrx_word' id='word_1_127' title='bbox 818 2608 902 2683; x_wconf 83' lang='lat' dir='ltr'>sunt</span> <span class='ocrx_word' id='word_1_128' title='bbox 912 2602 1068 2711; x_wconf 88' lang='lat' dir='ltr'>profun-</span> 
     </span>
     <span class='ocr_line' id='line_1_25' title="bbox 208 2702 1019 2788; baseline 0 -5"><span class='ocrx_word' id='word_1_129' title='bbox 208 2702 279 2787; x_wconf 86' lang='lat' dir='ltr'>dae</span> <span class='ocrx_word' id='word_1_130' title='bbox 297 2702 706 2788; x_wconf 80' lang='lat' dir='ltr'>foliorumincifurae.</span> <span class='ocrx_word' id='word_1_131' title='bbox 898 2736 901 2741; x_wconf 91' lang='lat'>·</span> <span class='ocrx_word' id='word_1_132' title='bbox 959 2714 962 2719; x_wconf 87' lang='grc'><strong>’</strong></span> <span class='ocrx_word' id='word_1_133' title='bbox 1015 2764 1019 2771; x_wconf 84' lang='grc'>-</span> 
     </span>
    </p>

    <p class='ocr_par' dir='ltr' id='par_1_16' title="bbox 105 2800 1066 2913">
     <span class='ocr_line' id='line_1_26' title="bbox 105 2800 1066 2913; baseline 0.007 -30"><span class='ocrx_word' id='word_1_134' title='bbox 105 2884 109 2889; x_wconf 82' lang='grc'><strong>,</strong></span> <span class='ocrx_word' id='word_1_135' title='bbox 155 2807 294 2884; x_wconf 84' lang='lat' dir='ltr'>Pinnae</span> <span class='ocrx_word' id='word_1_136' title='bbox 313 2814 490 2909; x_wconf 82' lang='lat' dir='ltr'>pinnatae,</span> <span class='ocrx_word' id='word_1_137' title='bbox 505 2802 659 2910; x_wconf 81' lang='lat' dir='ltr'>quando</span> <span class='ocrx_word' id='word_1_138' title='bbox 684 2800 821 2886; x_wconf 87' lang='lat' dir='ltr'>foliola</span> <span class='ocrx_word' id='word_1_139' title='bbox 853 2808 1066 2913; x_wconf 73' lang='lat' dir='ltr'>coniugata</span> 
     </span>
    </p>

    <p class='ocr_par' dir='ltr' id='par_1_17' title="bbox 154 2901 1067 3112">
     <span class='ocr_line' id='line_1_27' title="bbox 154 2901 1067 3014; baseline 0.009 -30"><span class='ocrx_word' id='word_1_140' title='bbox 154 2938 157 2943; x_wconf 94' lang='lat'>·</span> <span class='ocrx_word' id='word_1_141' title='bbox 208 2901 405 3014; x_wconf 76' lang='lat' dir='ltr'>profiundis</span> <span class='ocrx_word' id='word_1_142' title='bbox 419 2910 601 3005; x_wconf 80' lang='lat' dir='ltr'>incisuris,</span> <span class='ocrx_word' id='word_1_143' title='bbox 621 2909 793 2987; x_wconf 87' lang='lat' dir='ltr'>minores</span> <span class='ocrx_word' id='word_1_144' title='bbox 805 2911 984 3014; x_wconf 86' lang='lat' dir='ltr'>pinnulas</span> <span class='ocrx_word' id='word_1_145' title='bbox 1002 2936 1067 2992; x_wconf 85' lang='lat' dir='ltr'>re·</span> 
     </span>
     <span class='ocr_line' id='line_1_28' title="bbox 210 3008 1038 3112; baseline 0.005 -26"><span class='ocrx_word' id='word_1_146' title='bbox 210 3008 459 3112; x_wconf 86' lang='lat' dir='ltr'>praesentant.</span> <span class='ocrx_word' id='word_1_147' title='bbox 685 3040 689 3048; x_wconf 94' lang='lat'><em>·</em></span> <span class='ocrx_word' id='word_1_148' title='bbox 1035 3055 1038 3059; x_wconf 96' lang='lat'>·</span> 
     </span>
    </p>
   </div>
   <div class='ocr_carea' id='block_1_5' title="bbox 157 3109 1067 3519">
    <p class='ocr_par' dir='ltr' id='par_1_18' title="bbox 157 3109 1067 3419">
     <span class='ocr_line' id='line_1_29' title="bbox 157 3109 1066 3216; baseline 0.012 -30"><span class='ocrx_word' id='word_1_149' title='bbox 157 3111 339 3212; x_wconf 72' lang='lat' dir='ltr'>Pssillam.</span> <span class='ocrx_word' id='word_1_150' title='bbox 365 3109 428 3188; x_wconf 83' lang='lat' dir='ltr'>Est</span> <span class='ocrx_word' id='word_1_151' title='bbox 449 3134 493 3188; x_wconf 82' lang='lat' dir='ltr'>ca</span> <span class='ocrx_word' id='word_1_152' title='bbox 519 3135 604 3216; x_wconf 81' lang='lat' dir='ltr'>pars</span> <span class='ocrx_word' id='word_1_153' title='bbox 634 3132 732 3215; x_wconf 86' lang='lat' dir='ltr'>quae</span> <span class='ocrx_word' id='word_1_154' title='bbox 757 3111 863 3192; x_wconf 87' lang='lat' dir='ltr'>floris</span> <span class='ocrx_word' id='word_1_155' title='bbox 885 3131 1066 3197; x_wconf 87' lang='lat' dir='ltr'>centrum</span> 
     </span>
     <span class='ocr_line' id='line_1_30' title="bbox 208 3209 1067 3321; baseline 0.008 -32"><span class='ocrx_word' id='word_1_156' title='bbox 208 3214 308 3289; x_wconf 89' lang='lat' dir='ltr'>inter</span> <span class='ocrx_word' id='word_1_157' title='bbox 334 3209 490 3289; x_wconf 75' lang='lat' dir='ltr'>stamina</span> <span class='ocrx_word' id='word_1_158' title='bbox 516 3236 709 3316; x_wconf 86' lang='lat' dir='ltr'>occupare</span> <span class='ocrx_word' id='word_1_159' title='bbox 739 3211 854 3313; x_wconf 80' lang='lat' dir='ltr'>solet,</span> <span class='ocrx_word' id='word_1_160' title='bbox 880 3240 1067 3321; x_wconf 82' lang='lat' dir='ltr'>quaeque</span> 
     </span>
     <span class='ocr_line' id='line_1_31' title="bbox 205 3311 1067 3419; baseline 0.008 -30"><span class='ocrx_word' id='word_1_161' title='bbox 205 3311 452 3392; x_wconf 89' lang='lat' dir='ltr'>multiformis</span> <span class='ocrx_word' id='word_1_162' title='bbox 472 3312 531 3389; x_wconf 86' lang='lat' dir='ltr'>est.</span> <span class='ocrx_word' id='word_1_163' title='bbox 548 3314 652 3409; x_wconf 69' lang='lat' dir='ltr'>[nepe</span> <span class='ocrx_word' id='word_1_164' title='bbox 671 3312 843 3400; x_wconf 88' lang='lat' dir='ltr'>unicum,</span> <span class='ocrx_word' id='word_1_165' title='bbox 862 3312 967 3419; x_wconf 84' lang='lat' dir='ltr'>saepe</span> <span class='ocrx_word' id='word_1_166' title='bbox 983 3318 1067 3417; x_wconf 87' lang='lat' dir='ltr'>plu·</span> 
     </span>
    </p>

    <p class='ocr_par' dir='ltr' id='par_1_19' title="bbox 163 3412 1067 3519">
     <span class='ocr_line' id='line_1_32' title="bbox 163 3412 1067 3519; baseline 0.008 -28"><span class='ocrx_word' id='word_1_167' title='bbox 163 3436 182 3475; x_wconf 77' lang='lat'>·‘</span> <span class='ocrx_word' id='word_1_168' title='bbox 206 3434 265 3491; x_wconf 84' lang='lat' dir='ltr'>res</span> <span class='ocrx_word' id='word_1_169' title='bbox 286 3412 409 3518; x_wconf 83' lang='lat' dir='ltr'>stylos,</span> <span class='ocrx_word' id='word_1_170' title='bbox 441 3414 547 3516; x_wconf 86' lang='lat' dir='ltr'>saepe</span> <span class='ocrx_word' id='word_1_171' title='bbox 576 3415 744 3519; x_wconf 82' lang='lat' dir='ltr'>germina</span> <span class='ocrx_word' id='word_1_172' title='bbox 764 3416 803 3493; x_wconf 92' lang='lat' dir='ltr'>in</span> <span class='ocrx_word' id='word_1_173' title='bbox 823 3418 1067 3498; x_wconf 85' lang='lat' dir='ltr'>tuberculum</span> 
     </span>
    </p>
   </div>
   <div class='ocr_carea' id='block_1_6' title="bbox 209 3513 1067 3727">
    <p class='ocr_par' dir='ltr' id='par_1_20' title="bbox 209 3513 1067 3727">
     <span class='ocr_line' id='line_1_33' title="bbox 209 3513 1067 3727; baseline 0.008 -133"><span class='ocrx_word' id='word_1_174' title='bbox 209 3513 362 3602; x_wconf 78' lang='lat' dir='ltr'>couetu</span> <span class='ocrx_word' id='word_1_175' title='bbox 380 3516 622 3613; x_wconf 63' lang='lat' dir='ltr'>manifestat..</span> <span class='ocrx_word' id='word_1_176' title='bbox 649 3514 831 3601; x_wconf 82' lang='lat' dir='ltr'>Pistillum</span> <span class='ocrx_word' id='word_1_177' title='bbox 850 3520 1067 3727; x_wconf 47' lang='lat' dir='ltr'>perfedczppp</span> 
     </span>
    </p>
   </div>
   <div class='ocr_carea' id='block_1_7' title="bbox 0 0 1114 4026">
    <p class='ocr_par' dir='ltr' id='par_1_21' title="bbox 0 0 1114 4026">
     <span class='ocr_line' id='line_1_34' title="bbox 0 0 1114 4026; baseline 0 2"><span class='ocrx_word' id='word_1_178' title='bbox 0 0 1114 4026; x_wconf 95' lang='lat' dir='ltr'> </span> 
     </span>
    </p>
   </div>
  </div>
 </body>
</html>
